2784 4392
435 351 756 392 rnrouoeroo-romrror
776 353 840 393 cnr.
863 352 904 393 ντ.
1171 336 1209 394 35

132 523 237 582 eadem
258 520 346 580 etiam
366 522 402 578 de
423 540 511 579 causa
531 520 628 580 omnia
645 522 683 579 ad
696 523 791 580 Deum
805 522 979 592 referebant,
995 527 1025 580 et
1037 521 1102 581 ideo
1117 523 1210 599 Scrip-

135 607 204 661 tura
234 601 307 660 nihil
337 600 393 659 nisi
424 600 564 660 miracula
585 621 706 660 narrare
726 601 851 672 videtur,
872 601 960 678 idque
980 621 1045 660 cum
1067 603 1102 661 de
1123 606 1210 662 rebus

137 682 265 742 maxime
294 679 477 740 naturalibus
507 680 650 757 loquitur3
683 682 767 757 cujus
796 681 839 740 rei
867 682 1000 758 exempla
1021 682 1132 758 aliquot
1149 684 1210 759 jam

133 761 405 839 supraretulimus.
436 761 532 831 Quare
553 762 736 833 credendum,
759 782 824 820 cum
845 762 995 838 Scriptura
1016 762 1094 834 dicit,
1116 764 1210 823 Deum

134 863 187 902 cor
217 841 379 902 Pharaonis
408 840 601 912 induravisse‚
634 841 707 900 nihil
735 841 812 901 aliud
841 847 904 900 tum
931 842 1099 918 significari,
1122 864 1209 920 quam

138 924 216 999 quod
246 924 362 982 Pharao
381 921 449 980 <fuit
480 926 646 981 contumax.
674 922 799 981 Etcum
819 922 932 995 dicitur,
953 923 1046 982 Deum
1066 925 1210 983 fenestras

133 1004 201 1063 coeli
231 1003 353 1079 aperire,
384 1001 456 1060 nihil
489 1001 565 1060 aliud
598 1002 754 1078 signifieat,
786 1022 872 1078 quam
904 1004 981 1078 quod
1011 1004 1103 1062 multa
1135 1023 1210 1079 aqua

134 1082 257 1160 pluerit3
289 1087 319 1141 et
347 1081 389 1140 sic
419 1080 486 1140 alia.
514 1082 561 1140 Ad
589 1083 654 1141 haec
673 1082 774 1157 igitur,
795 1087 826 1140 et
846 1084 922 1158 quod
943 1084 1034 1142 multa
1055 1084 1208 1143 admodum

135 1163 275 1239 breviter,
296 1163 359 1221 sine
379 1161 446 1222 ullis
466 1161 700 1234 circumstantiis,
722 1167 753 1221 ct
772 1163 834 1221 fere
853 1163 985 1222 mutilate
1002 1169 1168 1238 narrentur,
1184 1164 1209 1223 si

133 1244 200 1319 quis
229 1245 320 1321 probe
351 1242 518 1312 attenderit,
551 1242 623 1301 nihil
652 1243 715 1301 fere
746 1242 776 1301 in
805 1243 954 1320 Scriptura
975 1243 1109 1319 reperiet,
1132 1245 1208 1320 quod

134 1324 228 1400 possit
249 1322 441 1382 demonstrari
461 1321 575 1381 Lumini
596 1323 717 1382 Naturae
738 1342 911 1399 repugnare,
933 1327 963 1381 et
984 1328 1086 1382 contra
1106 1325 1206 1395 multa,

135 1423 201 1479 quae
233 1403 436 1463 obscurissima
466 1402 529 1461 visa
560 1408 637 1474 sunt,
666 1402 801 1462 mediocri
829 1403 1017 1462 meditatione
1044 1403 1209 1480 intelligere

136 1484 245 1561 poterit
265 1489 295 1543 et
315 1483 399 1543 facile
419 1482 618 1559 interpretari.

175 1565 274 1640 Atque
294 1563 341 1623 his
360 1562 503 1634 existimo,
523 1582 571 1622 me
587 1563 625 1634 id,
641 1564 717 1638 quod
731 1563 922 1635 intenderam,
937 1563 1009 1622 satis
1023 1564 1100 1623 clare
1114 1568 1208 1623 osten-

134 1644 221 1704 disse.
253 1646 401 1717 Attamen,
431 1647 586 1718 antequam
607 1643 674 1701 huic
695 1642 790 1718 Capiti
810 1644 897 1702 finem
919 1644 992 1715 dem,
1015 1644 1093 1702 aliud
1114 1645 1208 1703 adhuc

136 1730 237 1797 restat,
260 1725 335 1800 quod
356 1723 404 1782 hic
423 1743 541 1782 monere
561 1724 643 1795 volo;
666 1743 778 1799 nempe,
800 1744 845 1782 me
866 1723 923 1783 alia
938 1743 1058 1800 prorsus
1072 1725 1208 1784 methodo

137 1804 184 1864 hie
205 1805 282 1864 circa
303 1804 441 1862 miracula
462 1803 645 1878 processisse,
668 1823 755 1879 quarn
776 1803 853 1862 circa
874 1803 1070 1880 Prophetiam.
1087 1805 1130 1863 De
1143 1825 1208 1880 pro·

134 1885 237 1962 phetia
258 1884 333 1943 enim
354 1884 427 1942 nihil
448 1883 600 1957 affirmavi,
622 1883 678 1941 nisi
699 1884 775 1958 quod
796 1903 834 1942 ex
854 1884 1050 1943 fundamentis
1067 1884 1098 1942 in
1113 1884 1209 1944 Sacris

55 2024 58 2029 ,
136 1965 245 2024 Litoris
266 1964 403 2024 revelatis
424 1964 593 2022 concludere
613 1963 704 2039 potui,
726 1968 758 2022 at
775 1963 822 2022 hic
835 1964 984 2041 praecipua
997 1984 1035 2023 ex
1047 1964 1118 2023 solis
1132 1965 1209 2040 prin·

134 2045 218 2121 cipiis
248 2044 370 2103 Lumine
401 2042 535 2103 Naturali
566 2043 763 2115 notiselicui3
785 2044 970 2121 quodetiam
991 2045 1123 2104 consulto
1144 2044 1207 2117 ieci,

136 2125 206 2202 quia
227 2126 263 2184 de
277 2124 438 2201 prophetia,
454 2123 685 2200 quandoquidem
698 2124 763 2201 ipsa
777 2129 894 2199 captum
907 2126 1066 2184 humanum
1079 2130 1208 2200 superat,

135 2211 167 2264 ot
198 2205 321 2281 quaestio
352 2223 430 2263 mere
462 2204 637 2279 Theologica
663 2209 717 2275 est,
739 2204 813 2263 nihil
832 2205 985 2276 affirmare,
1007 2224 1100 2280 neque
1121 2205 1207 2263 ctiam

136 2286 211 2346 seire
241 2291 382 2362 poteram,
403 2284 435 2343 in
456 2304 512 2360 qno
532 2284 596 2361 ipsa
615 2284 797 2361 potissimum
818 2284 989 2351 constiterit,
1011 2284 1126 2343 nisiex
1145 2286 1208 2343 fun·

136 2366 282 2425 damantis
312 2365 465 2435 revelatis3
487 2369 575 2440 atque
596 2365 668 2423 adeo
689 2369 808 2423 coactus
828 2370 890 2424 tum
910 2365 952 2423 fui
973 2364 1124 2423 historiam
1144 2385 1208 2440 pro·

135 2446 244 2523 phetiae
266 2445 450 2514 concinnare,
472 2449 502 2503 et
522 2465 561 2503 ex
580 2464 615 2503 ea
635 2445 769 2520 quaedam
783 2446 921 2520 dogmata
933 2447 1067 2517 formare,
1083 2465 1149 2520 quae
1163 2465 1209 2504 me

136 2531 273 2586 nutrirem
302 2524 474 2603 prophetiae,
506 2525 626 2601 ejusque
657 2524 859 2600 proprietates,
891 2526 985 2600 quoad
1013 2525 1077 2584 fieri
1102 2530 1208 2602 potest,

135 2607 284 2665 docerent.
306 2608 348 2664 At
361 2605 408 2664 hio
422 2605 500 2664 circa
512 2604 660 2676 miracula,
676 2605 744 2680 quia
757 2604 796 2674 id,
812 2606 887 2680 quod
901 2605 1072 2680 inquirimus
1086 2605 1208 2681 (nempe,

135 2706 175 2746 an
196 2687 355 2745 concedere
375 2705 536 2762 possumus,
559 2684 666 2760 aliquid
680 2684 712 2742 in
725 2685 845 2744 Naturae
860 2686 1038 2761 contingere,
1054 2686 1131 2761 quod
1145 2687 1209 2760 ejus

138 2766 252 2842 legibus
272 2770 424 2842 repugnet,
446 2770 498 2824 aut
518 2765 594 2841 quod
615 2785 652 2823 ex
672 2764 710 2822 iis
731 2785 789 2824 non
810 2770 908 2842 posset
928 2765 1021 2841 sequi)
1035 2765 1209 2842 philosophi-

136 2867 204 2906 cum
224 2847 311 2924 plane
332 2851 385 2919 est,
400 2846 479 2904 nullo
493 2844 579 2903 simili
592 2844 773 2919 indigebam3
795 2845 852 2903 imo
866 2845 1025 2904 consultius
1039 2845 1118 2916 duxi,
1133 2846 1209 2904 hanc

136 2926 329 3003 quaestionem
360 2946 397 2985 ex
427 2924 623 2984 fundamentis
653 2925 776 2984 Lumine
802 2925 936 2984 Naturali
963 2924 1087 3000 cognitis
1108 2930 1217 3000 utpote·

137 3006 264 3066 mammo
295 3006 372 3065 notis
402 3007 536 3064 enodare.
568 3004 649 3075 Dico,
677 3025 723 3064 me
751 3005 780 3064 id
808 3005 967 3064 consultius
987 3005 1119 3077 duxisse3
1141 3024 1209 3063 nam

136 3106 202 3146 eam
223 3087 311 3145 etiam
332 3106 371 3145 ex
390 3085 459 3144 solis
480 3084 636 3160 Scripturae
658 3085 842 3160 dogmatibus
862 3090 892 3144 et
911 3084 1107 3144 fundamentis
1124 3085 1209 3144 facile

136 3169 438 3242 solverepotueram3
461 3167 546 3240 quod,
568 3170 602 3223 ut
622 3164 776 3240 unicuique
796 3170 904 3242 pateat,
926 3165 974 3224 hio
993 3165 1095 3242 paucis
1115 3171 1209 3224 osten·

136 3247 214 3307 dam.
247 3247 397 3323 Scriptura
428 3246 463 3304 de
483 3244 596 3303 Natura
616 3244 646 3303 in
669 3265 776 3320 genere
796 3245 966 3321 quibusdam
988 3245 1019 3304 in
1039 3246 1109 3304 locis
1130 3246 1208 3304 affir-

137 3333 208 3400 mat,
241 3347 305 3386 eam
335 3327 426 3385 fixum
458 3329 545 3401 atque
575 3324 781 3384 immutabilem
813 3326 941 3384 ordinem
970 3345 1104 3398 servare3
1126 3330 1160 3384 ut
1179 3325 1210 3383 in

138 3407 215 3466 Psal.
239 3407 307 3466 148.
328 3426 403 3466 vers.
426 3408 453 3463 6.
476 3409 506 3463 et
526 3406 632 3464 Jerem.
655 3425 718 3481 cap.
734 3407 783 3464 31.
798 3425 874 3464 vers.
890 3408 937 3478 35,
954 3408 1001 3464 36.
1017 3406 1210 3481 Philosophus

137 3492 282 3564 praeterea
308 3486 340 3545 in
366 3506 419 3546 suo
439 3486 516 3543 Eccl.
539 3505 602 3561 cap.
626 3487 652 3544 1.
673 3505 750 3544 vers.
775 3487 821 3544 10.
844 3486 1002 3544 clarissime
1022 3487 1114 3557 docet,
1136 3485 1209 3543 nihil

139 3567 208 3628 novi
227 3567 259 3626 in
279 3566 392 3626 Natura
412 3565 596 3640 contingere3
619 3571 648 3623 et
669 3585 744 3625 vers.
769 3566 815 3636 11,
840 3567 885 3626 12.
901 3566 956 3624 hoc
969 3565 1045 3632 idem
1058 3566 1217 3633 illustrans

137 3647 189 3719 ait,
221 3648 307 3723 quod,
339 3646 471 3723 quamvis
501 3645 655 3721 aliquando
687 3645 794 3720 aliquid
823 3645 982 3722 contingat,
1005 3647 1079 3721 quod
1102 3665 1209 3705 novum

139 3726 263 3800 videtur,
294 3727 324 3786 id
355 3731 454 3787 tamen
484 3746 592 3785 norum
623 3745 681 3784 non
703 3730 756 3797 est,
777 3725 879 3785 sedin
900 3726 1013 3798 seculis,
1036 3746 1100 3802 quae
1122 3730 1210 3784 antea

136 3808 257 3867 fuerunt
288 3812 318 3866 et
345 3827 467 3884 quorum
493 3807 573 3865 nulla
600 3812 645 3864 est
665 3805 812 3878 memoria,
834 3807 972 3882 contigit3
995 3826 1071 3880 nam,
1093 3812 1127 3865 ut
1146 3805 1209 3882 ipsc
