<?xml version="1.0" encoding="UTF-8"?>
<!DOCTYPE html PUBLIC "-//W3C//DTD XHTML 1.0 Transitional//EN"
    "http://www.w3.org/TR/xhtml1/DTD/xhtml1-transitional.dtd">
<html xmlns="http://www.w3.org/1999/xhtml" xml:lang="en" lang="en">
 <head>
  <title>
</title>
<meta http-equiv="Content-Type" content="text/html;charset=utf-8" />
  <meta name='ocr-system' content='tesseract 3.04.00' />
  <meta name='ocr-capabilities' content='ocr_page ocr_carea ocr_par ocr_line ocrx_word'/>
</head>
<body>
  <div class='ocr_page' id='page_1' title='image "benedictidespin01landgoog_0021.png"; bbox 0 0 2784 4392; ppageno 0'>
   <div class='ocr_carea' id='block_1_1' title="bbox 465 434 1211 493">
    <p class='ocr_par' dir='ltr' id='par_1_1' title="bbox 465 434 1211 493">
     <span class='ocr_line' id='line_1_1' title="bbox 465 434 1211 493; baseline -0.003 -1"><span class='ocrx_word' id='word_1_1' title='bbox 465 453 782 492; x_wconf 74' lang='grc'><strong>’100010010000011101</strong></span> <span class='ocrx_word' id='word_1_2' title='bbox 803 454 867 492; x_wconf 75' lang='lat' dir='ltr'>car.</span> <span class='ocrx_word' id='word_1_3' title='bbox 889 453 929 493; x_wconf 89' lang='lat' dir='ltr'>1v.</span> <span class='ocrx_word' id='word_1_4' title='bbox 1192 434 1211 490; x_wconf 85' lang='lat'>3</span> 
     </span>
    </p>
   </div>
   <div class='ocr_carea' id='block_1_2' title="bbox 140 701 1234 3421">
    <p class='ocr_par' dir='ltr' id='par_1_2' title="bbox 140 701 1234 3421">
     <span class='ocr_line' id='line_1_2' title="bbox 145 701 1234 780; baseline -0.001 -16"><span class='ocrx_word' id='word_1_5' title='bbox 145 707 217 765; x_wconf 78' lang='lat' dir='ltr'>Cum</span> <span class='ocrx_word' id='word_1_6' title='bbox 247 704 440 779; x_wconf 83' lang='lat' dir='ltr'>itaqneex</span> <span class='ocrx_word' id='word_1_7' title='bbox 471 702 543 760; x_wconf 89' lang='lat' dir='ltr'>nihil</span> <span class='ocrx_word' id='word_1_8' title='bbox 575 701 653 760; x_wconf 91' lang='lat' dir='ltr'>aliud</span> <span class='ocrx_word' id='word_1_9' title='bbox 684 702 850 776; x_wconf 79' lang='grc'><strong>0100110111</strong></span> <span class='ocrx_word' id='word_1_10' title='bbox 881 702 956 760; x_wconf 87' lang='lat' dir='ltr'>ratio</span> <span class='ocrx_word' id='word_1_11' title='bbox 987 702 1234 780; x_wconf 67' lang='grc'><strong>01001111000010</strong></span> 
     </span>
     <span class='ocr_line' id='line_1_3' title="bbox 147 781 1228 858; baseline -0.002 -14"><span class='ocrx_word' id='word_1_12' title='bbox 147 788 277 844; x_wconf 89' lang='lat' dir='ltr'>homines</span> <span class='ocrx_word' id='word_1_13' title='bbox 305 786 359 842; x_wconf 92' lang='lat' dir='ltr'>ob</span> <span class='ocrx_word' id='word_1_14' title='bbox 354 782 489 858; x_wconf 81' lang='lat' dir='ltr'>aliquem</span> <span class='ocrx_word' id='word_1_15' title='bbox 510 783 595 840; x_wconf 87' lang='lat' dir='ltr'><strong>finem</strong></span> <span class='ocrx_word' id='word_1_16' title='bbox 618 781 673 840; x_wconf 90' lang='lat' dir='ltr'>sibi</span> <span class='ocrx_word' id='word_1_17' title='bbox 694 783 742 840; x_wconf 91' lang='lat' dir='ltr'>vel</span> <span class='ocrx_word' id='word_1_18' title='bbox 766 782 830 840; x_wconf 89' lang='lat' dir='ltr'>aliis</span> <span class='ocrx_word' id='word_1_19' title='bbox 850 782 1056 857; x_wconf 87' lang='lat' dir='ltr'>praescribnnt,</span> <span class='ocrx_word' id='word_1_20' title='bbox 1061 783 1137 852; x_wconf 74' lang='lat' dir='ltr'>tideo</span> <span class='ocrx_word' id='word_1_21' title='bbox 1158 785 1228 842; x_wconf 90' lang='lat' dir='ltr'>Lex.</span> 
     </span>
     <span class='ocr_line' id='line_1_4' title="bbox 147 862 1232 939; baseline -0.002 -15"><span class='ocrx_word' id='word_1_22' title='bbox 147 865 353 939; x_wconf 82' lang='lat' dir='ltr'>distinguenda</span> <span class='ocrx_word' id='word_1_23' title='bbox 385 864 465 921; x_wconf 90' lang='lat' dir='ltr'>videt</span> <span class='ocrx_word' id='word_1_24' title='bbox 452 867 501 920; x_wconf 92' lang='lat' dir='ltr'>tur</span> <span class='ocrx_word' id='word_1_25' title='bbox 532 862 563 920; x_wconf 91' lang='lat' dir='ltr'>in</span> <span class='ocrx_word' id='word_1_26' title='bbox 595 863 750 920; x_wconf 84' lang='lat' dir='ltr'><strong>humanam</strong></span> <span class='ocrx_word' id='word_1_27' title='bbox 782 868 812 919; x_wconf 88' lang='lat' dir='ltr'>et</span> <span class='ocrx_word' id='word_1_28' title='bbox 836 863 972 921; x_wconf 82' lang='lat' dir='ltr'>divinam.</span> <span class='ocrx_word' id='word_1_29' title='bbox 995 864 1055 921; x_wconf 82' lang='grc' dir='ltr'>Ρο1</span> <span class='ocrx_word' id='word_1_30' title='bbox 1065 865 1232 922; x_wconf 83' lang='grc'><strong>1100100001</strong></span> 
     </span>
     <span class='ocr_line' id='line_1_5' title="bbox 148 942 1221 1080; baseline -0.001 -76"><span class='ocrx_word' id='word_1_31' title='bbox 148 945 279 1022; x_wconf 79' lang='lat' dir='ltr'>intelligo</span> <span class='ocrx_word' id='word_1_32' title='bbox 311 943 453 1001; x_wconf 88' lang='lat' dir='ltr'>rationem</span> <span class='ocrx_word' id='word_1_33' title='bbox 484 942 610 1080; x_wconf 83' lang='lat' dir='ltr'>vivendi,</span> <span class='ocrx_word' id='word_1_34' title='bbox 633 962 699 1016; x_wconf 88' lang='lat' dir='ltr'>quae</span> <span class='ocrx_word' id='word_1_35' title='bbox 721 943 757 1000; x_wconf 87' lang='lat' dir='ltr'>ad</span> <span class='ocrx_word' id='word_1_36' title='bbox 778 944 931 1001; x_wconf 84' lang='lat' dir='ltr'>tutandam</span> <span class='ocrx_word' id='word_1_37' title='bbox 947 943 1037 1001; x_wconf 89' lang='lat' dir='ltr'>vitam</span> <span class='ocrx_word' id='word_1_38' title='bbox 1060 948 1089 1001; x_wconf 91' lang='grc'>00</span> <span class='ocrx_word' id='word_1_39' title='bbox 1110 964 1221 1020; x_wconf 89' lang='lat' dir='ltr'>rempu-</span> 
     </span>
     <span class='ocr_line' id='line_1_6' title="bbox 147 1022 1221 1098; baseline -0.001 -14"><span class='ocrx_word' id='word_1_40' title='bbox 147 1026 251 1084; x_wconf 79' lang='lat' dir='ltr'>blicam</span> <span class='ocrx_word' id='word_1_41' title='bbox 272 1028 338 1082; x_wconf 90' lang='lat' dir='ltr'>tant</span> <span class='ocrx_word' id='word_1_42' title='bbox 338 1043 387 1082; x_wconf 90' lang='lat' dir='ltr'>um</span> <span class='ocrx_word' id='word_1_43' title='bbox 407 1022 545 1081; x_wconf 88' lang='lat' dir='ltr'>inservit·</span> <span class='ocrx_word' id='word_1_44' title='bbox 539 1043 620 1098; x_wconf 91' lang='lat' dir='ltr'>,per</span> <span class='ocrx_word' id='word_1_45' title='bbox 640 1023 831 1081; x_wconf 88' lang='lat' dir='ltr'>divinamt</span> <span class='ocrx_word' id='word_1_46' title='bbox 781 1028 831 1081; x_wconf 88' lang='lat' dir='ltr'>aut</span> <span class='ocrx_word' id='word_1_47' title='bbox 833 1043 876 1081; x_wconf 90' lang='lat' dir='ltr'>em</span> <span class='ocrx_word' id='word_1_48' title='bbox 881 1043 964 1097; x_wconf 89' lang='lat' dir='ltr'>,quae</span> <span class='ocrx_word' id='word_1_49' title='bbox 975 1024 1067 1081; x_wconf 92' lang='lat' dir='ltr'>solum</span> <span class='ocrx_word' id='word_1_50' title='bbox 1078 1044 1221 1083; x_wconf 88' lang='lat' dir='ltr'>summum</span> 
     </span>
     <span class='ocr_line' id='line_1_7' title="bbox 148 1094 1230 1196; baseline -0.001 -32"><span class='ocrx_word' id='word_1_51' title='bbox 148 1110 264 1174; x_wconf 87' lang='lat' dir='ltr'>bonum,</span> <span class='ocrx_word' id='word_1_52' title='bbox 297 1105 352 1163; x_wconf 90' lang='lat' dir='ltr'>hoo</span> <span class='ocrx_word' id='word_1_53' title='bbox 383 1108 427 1161; x_wconf 88' lang='lat' dir='ltr'>est</span> <span class='ocrx_word' id='word_1_54' title='bbox 414 1103 512 1161; x_wconf 89' lang='lat' dir='ltr'>tDei</span> <span class='ocrx_word' id='word_1_55' title='bbox 543 1122 642 1161; x_wconf 84' lang='lat' dir='ltr'>veram</span> <span class='ocrx_word' id='word_1_56' title='bbox 675 1103 867 1176; x_wconf 77' lang='lat' dir='ltr'>cognitionem</span> <span class='ocrx_word' id='word_1_57' title='bbox 890 1107 920 1161; x_wconf 90' lang='grc'>00</span> <span class='ocrx_word' id='word_1_58' title='bbox 940 1123 1075 1173; x_wconf 87' lang='lat' dir='ltr'>amorem,</span> <span class='ocrx_word' id='word_1_59' title='bbox 1097 1094 1230 1196; x_wconf 72' lang='lat' dir='ltr'>spectat]</span> 
     </span>
     <span class='ocr_line' id='line_1_8' title="bbox 147 1179 1222 1259; baseline -0.002 -15"><span class='ocrx_word' id='word_1_60' title='bbox 147 1185 214 1245; x_wconf 87' lang='lat' dir='ltr'>Ra</span> <span class='ocrx_word' id='word_1_61' title='bbox 205 1205 244 1257; x_wconf 88' lang='lat'>10</span> <span class='ocrx_word' id='word_1_62' title='bbox 276 1205 327 1243; x_wconf 91' lang='lat' dir='ltr'>our</span> <span class='ocrx_word' id='word_1_63' title='bbox 358 1185 434 1242; x_wconf 85' lang='lat' dir='ltr'>hanc</span> <span class='ocrx_word' id='word_1_64' title='bbox 454 1184 549 1258; x_wconf 89' lang='lat' dir='ltr'>legem</span> <span class='ocrx_word' id='word_1_65' title='bbox 570 1203 642 1241; x_wconf 89' lang='lat' dir='ltr'>voco</span> <span class='ocrx_word' id='word_1_66' title='bbox 665 1183 802 1253; x_wconf 88' lang='lat' dir='ltr'>divinam,</span> <span class='ocrx_word' id='word_1_67' title='bbox 824 1189 869 1240; x_wconf 91' lang='lat' dir='ltr'>est</span> <span class='ocrx_word' id='word_1_68' title='bbox 889 1188 1008 1259; x_wconf 88' lang='lat' dir='ltr'>propter</span> <span class='ocrx_word' id='word_1_69' title='bbox 1028 1185 1132 1242; x_wconf 90' lang='lat' dir='ltr'>summi</span> <span class='ocrx_word' id='word_1_70' title='bbox 1153 1179 1222 1243; x_wconf 82' lang='lat' dir='ltr'>boni</span> 
     </span>
     <span class='ocr_line' id='line_1_9' title="bbox 147 1262 1220 1354; baseline -0.001 -30"><span class='ocrx_word' id='word_1_71' title='bbox 147 1270 291 1347; x_wconf 88' lang='lat' dir='ltr'>naturam,</span> <span class='ocrx_word' id='word_1_72' title='bbox 315 1284 401 1340; x_wconf 87' lang='lat' dir='ltr'>quam</span> <span class='ocrx_word' id='word_1_73' title='bbox 421 1263 469 1322; x_wconf 92' lang='grc'><strong>1110</strong></span> <span class='ocrx_word' id='word_1_74' title='bbox 489 1262 598 1354; x_wconf 85' lang='grc'><strong>000010,</strong></span> <span class='ocrx_word' id='word_1_75' title='bbox 620 1267 659 1323; x_wconf 90' lang='grc'>00</span> <span class='ocrx_word' id='word_1_76' title='bbox 671 1283 758 1338; x_wconf 89' lang='grc'><strong>00001</strong></span> <span class='ocrx_word' id='word_1_77' title='bbox 780 1230 999 1337; x_wconf 76' lang='grc' dir='ltr'>01010000010,Ι</span> <span class='ocrx_word' id='word_1_78' title='bbox 988 1283 1048 1339; x_wconf 82' lang='lat' dir='ltr'>Jam</span> <span class='ocrx_word' id='word_1_79' title='bbox 1060 1269 1105 1322; x_wconf 87' lang='lat' dir='ltr'>ost</span> <span class='ocrx_word' id='word_1_80' title='bbox 1093 1266 1220 1324; x_wconf 87' lang='lat' dir='ltr'>t.endam</span> 
     </span>
     <span class='ocr_line' id='line_1_10' title="bbox 188 1343 1220 1422; baseline 0 -19"><span class='ocrx_word' id='word_1_81' title='bbox 188 1345 260 1404; x_wconf 79' lang='lat' dir='ltr'>Cum</span> <span class='ocrx_word' id='word_1_82' title='bbox 280 1344 381 1402; x_wconf 91' lang='lat' dir='ltr'>melior</span> <span class='ocrx_word' id='word_1_83' title='bbox 400 1363 470 1420; x_wconf 90' lang='lat' dir='ltr'>pars</span> <span class='ocrx_word' id='word_1_84' title='bbox 490 1343 583 1402; x_wconf 78' lang='lat' dir='ltr'>nostri</span> <span class='ocrx_word' id='word_1_85' title='bbox 604 1343 642 1401; x_wconf 92' lang='lat' dir='ltr'>sit</span> <span class='ocrx_word' id='word_1_86' title='bbox 661 1343 835 1412; x_wconf 74' lang='lat' dir='ltr'>intellectus</span> <span class='ocrx_word' id='word_1_87' title='bbox 858 1348 967 1401; x_wconf 89' lang='lat' dir='ltr'>certum</span> <span class='ocrx_word' id='word_1_88' title='bbox 988 1349 1042 1422; x_wconf 85' lang='lat' dir='ltr'>est,</span> <span class='ocrx_word' id='word_1_89' title='bbox 1054 1364 1079 1402; x_wconf 87' lang='lat' dir='ltr'>sr</span> <span class='ocrx_word' id='word_1_90' title='bbox 1071 1343 1220 1403; x_wconf 91' lang='lat' dir='ltr'>nostrum</span> 
     </span>
     <span class='ocr_line' id='line_1_11' title="bbox 142 1424 1220 1499; baseline 0 -16"><span class='ocrx_word' id='word_1_91' title='bbox 142 1426 219 1483; x_wconf 89' lang='lat' dir='ltr'>utile</span> <span class='ocrx_word' id='word_1_92' title='bbox 246 1444 349 1483; x_wconf 85' lang='lat' dir='ltr'>revera</span> <span class='ocrx_word' id='word_1_93' title='bbox 378 1444 506 1499; x_wconf 85' lang='lat' dir='ltr'>quaerere</span> <span class='ocrx_word' id='word_1_94' title='bbox 533 1424 664 1496; x_wconf 88' lang='lat' dir='ltr'>velimus,</span> <span class='ocrx_word' id='word_1_95' title='bbox 687 1444 741 1481; x_wconf 92' lang='lat' dir='ltr'>nos</span> <span class='ocrx_word' id='word_1_96' title='bbox 761 1443 850 1498; x_wconf 89' lang='lat' dir='ltr'>supra</span> <span class='ocrx_word' id='word_1_97' title='bbox 871 1424 967 1481; x_wconf 85' lang='lat' dir='ltr'>omnia</span> <span class='ocrx_word' id='word_1_98' title='bbox 988 1425 1091 1485; x_wconf 91' lang='lat' dir='ltr'>debere</span> <span class='ocrx_word' id='word_1_99' title='bbox 1112 1425 1220 1496; x_wconf 88' lang='lat' dir='ltr'>conari,</span> 
     </span>
     <span class='ocr_line' id='line_1_12' title="bbox 149 1503 1220 1580; baseline 0 -16"><span class='ocrx_word' id='word_1_100' title='bbox 149 1510 183 1564; x_wconf 95' lang='lat' dir='ltr'>ut</span> <span class='ocrx_word' id='word_1_101' title='bbox 213 1525 278 1572; x_wconf 86' lang='lat' dir='ltr'>cum</span> <span class='ocrx_word' id='word_1_102' title='bbox 300 1503 861 1579; x_wconf 75' lang='grc' dir='ltr'><strong>0000001000τί000000001001011100;</strong></span> <span class='ocrx_word' id='word_1_103' title='bbox 882 1504 912 1560; x_wconf 91' lang='lat' dir='ltr'>in</span> <span class='ocrx_word' id='word_1_104' title='bbox 933 1503 995 1579; x_wconf 85' lang='lat' dir='ltr'>ejus</span> <span class='ocrx_word' id='word_1_105' title='bbox 1016 1504 1092 1562; x_wconf 92' lang='lat' dir='ltr'>enim</span> <span class='ocrx_word' id='word_1_106' title='bbox 1112 1506 1220 1580; x_wconf 86' lang='lat' dir='ltr'>perfec-</span> 
     </span>
     <span class='ocr_line' id='line_1_13' title="bbox 148 1583 1220 1660; baseline 0 -17"><span class='ocrx_word' id='word_1_107' title='bbox 148 1586 228 1644; x_wconf 88' lang='lat' dir='ltr'>tione</span> <span class='ocrx_word' id='word_1_108' title='bbox 249 1604 391 1643; x_wconf 88' lang='lat' dir='ltr'>summum</span> <span class='ocrx_word' id='word_1_109' title='bbox 411 1589 543 1643; x_wconf 89' lang='lat' dir='ltr'>nostrum</span> <span class='ocrx_word' id='word_1_110' title='bbox 564 1587 672 1642; x_wconf 91' lang='lat' dir='ltr'>bonum</span> <span class='ocrx_word' id='word_1_111' title='bbox 693 1584 851 1642; x_wconf 79' lang='lat' dir='ltr'>consistere</span> <span class='ocrx_word' id='word_1_112' title='bbox 863 1584 956 1642; x_wconf 88' lang='lat' dir='ltr'>debet.</span> <span class='ocrx_word' id='word_1_113' title='bbox 969 1583 1068 1657; x_wconf 74' lang='lat' dir='ltr'>Porro,</span> <span class='ocrx_word' id='word_1_114' title='bbox 1085 1585 1220 1660; x_wconf 83' lang='lat' dir='ltr'>qnoniam</span> 
     </span>
     <span class='ocr_line' id='line_1_14' title="bbox 147 1663 1220 1739; baseline 0 -16"><span class='ocrx_word' id='word_1_115' title='bbox 147 1666 241 1724; x_wconf 92' lang='lat' dir='ltr'>omnis</span> <span class='ocrx_word' id='word_1_116' title='bbox 272 1670 373 1723; x_wconf 88' lang='lat' dir='ltr'>nostra</span> <span class='ocrx_word' id='word_1_117' title='bbox 403 1664 531 1738; x_wconf 78' lang='lat' dir='ltr'>cognitio</span> <span class='ocrx_word' id='word_1_118' title='bbox 562 1668 592 1722; x_wconf 91' lang='lat' dir='ltr'>ct</span> <span class='ocrx_word' id='word_1_119' title='bbox 612 1663 764 1732; x_wconf 71' lang='lat' dir='ltr'>certitudo</span> <span class='ocrx_word' id='word_1_120' title='bbox 787 1684 852 1739; x_wconf 89' lang='lat' dir='ltr'>quae</span> <span class='ocrx_word' id='word_1_121' title='bbox 873 1683 976 1722; x_wconf 88' lang='lat' dir='ltr'>revera</span> <span class='ocrx_word' id='word_1_122' title='bbox 998 1684 1082 1732; x_wconf 83' lang='lat' dir='ltr'>omne</span> <span class='ocrx_word' id='word_1_123' title='bbox 1103 1665 1220 1723; x_wconf 91' lang='lat' dir='ltr'>dubium</span> 
     </span>
     <span class='ocr_line' id='line_1_15' title="bbox 148 1743 1221 1819; baseline -0.001 -15"><span class='ocrx_word' id='word_1_124' title='bbox 148 1746 233 1815; x_wconf 91' lang='lat' dir='ltr'>tollit,</span> <span class='ocrx_word' id='word_1_125' title='bbox 255 1765 273 1803; x_wconf 91' lang='lat' dir='ltr'>a</span> <span class='ocrx_word' id='word_1_126' title='bbox 294 1745 355 1803; x_wconf 89' lang='lat' dir='ltr'>sola</span> <span class='ocrx_word' id='word_1_127' title='bbox 375 1745 430 1803; x_wconf 89' lang='lat' dir='ltr'>Dei</span> <span class='ocrx_word' id='word_1_128' title='bbox 451 1744 617 1819; x_wconf 86' lang='lat' dir='ltr'>cognitione</span> <span class='ocrx_word' id='word_1_129' title='bbox 639 1745 795 1819; x_wconf 87' lang='lat' dir='ltr'>dependet;</span> <span class='ocrx_word' id='word_1_130' title='bbox 818 1751 879 1802; x_wconf 90' lang='grc'><strong>00111</strong></span> <span class='ocrx_word' id='word_1_131' title='bbox 902 1743 970 1819; x_wconf 85' lang='grc'><strong>0010</strong></span> <span class='ocrx_word' id='word_1_132' title='bbox 990 1744 1052 1802; x_wconf 89' lang='lat' dir='ltr'>sinc</span> <span class='ocrx_word' id='word_1_133' title='bbox 1074 1746 1135 1803; x_wconf 85' lang='lat' dir='ltr'>Deo</span> <span class='ocrx_word' id='word_1_134' title='bbox 1146 1745 1221 1803; x_wconf 92' lang='lat' dir='ltr'>nihil</span> 
     </span>
     <span class='ocr_line' id='line_1_16' title="bbox 146 1824 1220 1901; baseline -0.002 -17"><span class='ocrx_word' id='word_1_135' title='bbox 146 1846 211 1884; x_wconf 86' lang='grc'><strong>0000</strong></span> <span class='ocrx_word' id='word_1_136' title='bbox 232 1845 325 1901; x_wconf 93' lang='lat' dir='ltr'>neque</span> <span class='ocrx_word' id='word_1_137' title='bbox 346 1825 458 1900; x_wconf 89' lang='lat' dir='ltr'>concipi</span> <span class='ocrx_word' id='word_1_138' title='bbox 478 1829 584 1900; x_wconf 89' lang='grc'><strong>000000,</strong></span> <span class='ocrx_word' id='word_1_139' title='bbox 606 1829 668 1883; x_wconf 90' lang='lat' dir='ltr'>tum</span> <span class='ocrx_word' id='word_1_140' title='bbox 690 1825 778 1882; x_wconf 85' lang='lat' dir='ltr'>etiam</span> <span class='ocrx_word' id='word_1_141' title='bbox 799 1825 866 1898; x_wconf 91' lang='lat' dir='ltr'>quia</span> <span class='ocrx_word' id='word_1_142' title='bbox 888 1824 923 1881; x_wconf 90' lang='lat' dir='ltr'>de</span> <span class='ocrx_word' id='word_1_143' title='bbox 944 1824 1076 1883; x_wconf 89' lang='lat' dir='ltr'>omnibus</span> <span class='ocrx_word' id='word_1_144' title='bbox 1087 1825 1220 1883; x_wconf 86' lang='lat' dir='ltr'>dubitare</span> 
     </span>
     <span class='ocr_line' id='line_1_17' title="bbox 148 1904 1220 1982; baseline -0.001 -18"><span class='ocrx_word' id='word_1_145' title='bbox 148 1926 310 1982; x_wconf 86' lang='lat' dir='ltr'>possumus,</span> <span class='ocrx_word' id='word_1_146' title='bbox 333 1925 418 1980; x_wconf 86' lang='lat' dir='ltr'>quam</span> <span class='ocrx_word' id='word_1_147' title='bbox 440 1904 489 1962; x_wconf 92' lang='lat' dir='ltr'>diu</span> <span class='ocrx_word' id='word_1_148' title='bbox 510 1905 564 1963; x_wconf 90' lang='lat' dir='ltr'>Dei</span> <span class='ocrx_word' id='word_1_149' title='bbox 585 1905 694 1963; x_wconf 90' lang='lat' dir='ltr'>nullam</span> <span class='ocrx_word' id='word_1_150' title='bbox 716 1906 823 1962; x_wconf 88' lang='lat' dir='ltr'>claram</span> <span class='ocrx_word' id='word_1_151' title='bbox 845 1908 875 1961; x_wconf 92' lang='lat' dir='ltr'>et</span> <span class='ocrx_word' id='word_1_152' title='bbox 896 1904 1060 1962; x_wconf 86' lang='lat' dir='ltr'>distinctam</span> <span class='ocrx_word' id='word_1_153' title='bbox 1081 1905 1220 1963; x_wconf 89' lang='lat' dir='ltr'>habemus</span> 
     </span>
     <span class='ocr_line' id='line_1_18' title="bbox 146 1984 1220 2060; baseline 0 -17"><span class='ocrx_word' id='word_1_154' title='bbox 146 1986 258 2057; x_wconf 69' lang='lat' dir='ltr'>ideam,</span> <span class='ocrx_word' id='word_1_155' title='bbox 278 1985 347 2043; x_wconf 90' lang='lat' dir='ltr'>hinc</span> <span class='ocrx_word' id='word_1_156' title='bbox 368 1984 508 2060; x_wconf 88' lang='lat' dir='ltr'>sequitur,</span> <span class='ocrx_word' id='word_1_157' title='bbox 532 2005 674 2043; x_wconf 88' lang='lat' dir='ltr'>summum</span> <span class='ocrx_word' id='word_1_158' title='bbox 695 1989 826 2042; x_wconf 89' lang='lat' dir='ltr'>nostrum</span> <span class='ocrx_word' id='word_1_159' title='bbox 847 1986 954 2042; x_wconf 90' lang='lat' dir='ltr'>bonum</span> <span class='ocrx_word' id='word_1_160' title='bbox 975 1985 1220 2060; x_wconf 84' lang='lat' dir='ltr'>etperfectionem</span> 
     </span>
     <span class='ocr_line' id='line_1_19' title="bbox 140 2064 1220 2144; baseline 0 -21"><span class='ocrx_word' id='word_1_161' title='bbox 140 2087 166 2124; x_wconf 49' lang='lat' dir='ltr'>‘a</span> <span class='ocrx_word' id='word_1_162' title='bbox 187 2066 249 2123; x_wconf 88' lang='lat' dir='ltr'>sola</span> <span class='ocrx_word' id='word_1_163' title='bbox 270 2065 324 2122; x_wconf 91' lang='lat' dir='ltr'>Dei</span> <span class='ocrx_word' id='word_1_164' title='bbox 345 2064 510 2139; x_wconf 90' lang='lat' dir='ltr'>cognitione</span> <span class='ocrx_word' id='word_1_165' title='bbox 531 2065 666 2140; x_wconf 89' lang='lat' dir='ltr'>pendere,</span> <span class='ocrx_word' id='word_1_166' title='bbox 689 2069 743 2123; x_wconf 83' lang='grc'><strong>000.</strong></span> <span class='ocrx_word' id='word_1_167' title='bbox 766 2064 885 2134; x_wconf 86' lang='lat' dir='ltr'>Deinde,</span> <span class='ocrx_word' id='word_1_168' title='bbox 908 2084 973 2123; x_wconf 90' lang='lat' dir='ltr'>cum</span> <span class='ocrx_word' id='word_1_169' title='bbox 994 2065 1065 2144; x_wconf 89' lang='lat' dir='ltr'>nihil</span> <span class='ocrx_word' id='word_1_170' title='bbox 1076 2065 1147 2124; x_wconf 83' lang='lat' dir='ltr'>&#39;sine</span> <span class='ocrx_word' id='word_1_171' title='bbox 1158 2067 1220 2123; x_wconf 89' lang='lat' dir='ltr'>Deo</span> 
     </span>
     <span class='ocr_line' id='line_1_20' title="bbox 146 2144 1220 2221; baseline 0 -18"><span class='ocrx_word' id='word_1_172' title='bbox 146 2165 203 2204; x_wconf 87' lang='lat' dir='ltr'>nec</span> <span class='ocrx_word' id='word_1_173' title='bbox 223 2164 286 2203; x_wconf 89' lang='lat' dir='ltr'>esse</span> <span class='ocrx_word' id='word_1_174' title='bbox 307 2164 361 2203; x_wconf 88' lang='lat' dir='ltr'>nec</span> <span class='ocrx_word' id='word_1_175' title='bbox 383 2145 494 2221; x_wconf 91' lang='lat' dir='ltr'>concipi</span> <span class='ocrx_word' id='word_1_176' title='bbox 515 2144 615 2221; x_wconf 87' lang='lat' dir='ltr'>pessit,</span> <span class='ocrx_word' id='word_1_177' title='bbox 638 2149 750 2202; x_wconf 92' lang='lat' dir='ltr'>certum</span> <span class='ocrx_word' id='word_1_178' title='bbox 772 2150 825 2215; x_wconf 89' lang='lat' dir='ltr'>est,</span> <span class='ocrx_word' id='word_1_179' title='bbox 847 2144 952 2214; x_wconf 88' lang='lat' dir='ltr'>omnia,</span> <span class='ocrx_word' id='word_1_180' title='bbox 975 2165 1039 2220; x_wconf 87' lang='lat' dir='ltr'>quae</span> <span class='ocrx_word' id='word_1_181' title='bbox 1061 2144 1091 2203; x_wconf 91' lang='lat' dir='ltr'>in</span> <span class='ocrx_word' id='word_1_182' title='bbox 1105 2146 1220 2203; x_wconf 86' lang='lat' dir='ltr'>Natura</span> 
     </span>
     <span class='ocr_line' id='line_1_21' title="bbox 145 2225 1220 2301; baseline 0 -18"><span class='ocrx_word' id='word_1_183' title='bbox 145 2229 227 2295; x_wconf 88' lang='lat' dir='ltr'>sunt,</span> <span class='ocrx_word' id='word_1_184' title='bbox 255 2225 310 2283; x_wconf 90' lang='lat' dir='ltr'>Dei</span> <span class='ocrx_word' id='word_1_185' title='bbox 330 2230 509 2300; x_wconf 90' lang='lat' dir='ltr'>conceptum,</span> <span class='ocrx_word' id='word_1_186' title='bbox 531 2245 584 2301; x_wconf 92' lang='lat' dir='ltr'>pro</span> <span class='ocrx_word' id='word_1_187' title='bbox 605 2225 719 2284; x_wconf 87' lang='lat' dir='ltr'>ratione</span> <span class='ocrx_word' id='word_1_188' title='bbox 740 2245 800 2283; x_wconf 88' lang='grc'><strong>0000</strong></span> <span class='ocrx_word' id='word_1_189' title='bbox 822 2225 955 2283; x_wconf 87' lang='lat' dir='ltr'>essentiae</span> <span class='ocrx_word' id='word_1_190' title='bbox 977 2245 1091 2299; x_wconf 87' lang='lat' dir='ltr'>suaeque</span> <span class='ocrx_word' id='word_1_191' title='bbox 1111 2227 1220 2300; x_wconf 84' lang='lat' dir='ltr'>perfec-</span> 
     </span>
     <span class='ocr_line' id='line_1_22' title="bbox 145 2304 1220 2381; baseline -0.001 -17"><span class='ocrx_word' id='word_1_192' title='bbox 145 2305 245 2374; x_wconf 86' lang='lat' dir='ltr'>tionis,</span> <span class='ocrx_word' id='word_1_193' title='bbox 276 2305 425 2364; x_wconf 86' lang='lat' dir='ltr'>invclvere</span> <span class='ocrx_word' id='word_1_194' title='bbox 456 2309 544 2380; x_wconf 90' lang='lat' dir='ltr'>atquo</span> <span class='ocrx_word' id='word_1_195' title='bbox 573 2305 747 2381; x_wconf 80' lang='lat' dir='ltr'>exprimere3</span> <span class='ocrx_word' id='word_1_196' title='bbox 769 2325 804 2363; x_wconf 89' lang='grc'>00</span> <span class='ocrx_word' id='word_1_197' title='bbox 824 2304 944 2379; x_wconf 89' lang='lat' dir='ltr'>proinde</span> <span class='ocrx_word' id='word_1_198' title='bbox 965 2325 1026 2375; x_wconf 91' lang='lat' dir='ltr'>nos,</span> <span class='ocrx_word' id='word_1_199' title='bbox 1049 2325 1106 2381; x_wconf 89' lang='lat' dir='ltr'>quo</span> <span class='ocrx_word' id='word_1_200' title='bbox 1126 2305 1220 2380; x_wconf 88' lang='lat' dir='ltr'>magis</span> 
     </span>
     <span class='ocr_line' id='line_1_23' title="bbox 146 2385 1219 2460; baseline 0 -17"><span class='ocrx_word' id='word_1_201' title='bbox 146 2405 197 2444; x_wconf 91' lang='lat' dir='ltr'>res</span> <span class='ocrx_word' id='word_1_202' title='bbox 226 2386 374 2460; x_wconf 86' lang='lat' dir='ltr'>naturales</span> <span class='ocrx_word' id='word_1_203' title='bbox 405 2385 613 2460; x_wconf 79' lang='lat' dir='ltr'>cognoscimus,</span> <span class='ocrx_word' id='word_1_204' title='bbox 646 2405 679 2442; x_wconf 91' lang='lat' dir='ltr'>co</span> <span class='ocrx_word' id='word_1_205' title='bbox 710 2386 849 2460; x_wconf 86' lang='lat' dir='ltr'>majorem</span> <span class='ocrx_word' id='word_1_206' title='bbox 880 2389 910 2442; x_wconf 90' lang='lat' dir='ltr'>et</span> <span class='ocrx_word' id='word_1_207' title='bbox 940 2385 1141 2460; x_wconf 83' lang='lat' dir='ltr'>perfectiorem</span> <span class='ocrx_word' id='word_1_208' title='bbox 1166 2385 1219 2443; x_wconf 91' lang='lat' dir='ltr'>Dei</span> 
     </span>
     <span class='ocr_line' id='line_1_24' title="bbox 147 2464 1219 2541; baseline -0.001 -17"><span class='ocrx_word' id='word_1_209' title='bbox 147 2465 344 2539; x_wconf 88' lang='lat' dir='ltr'>cognitionem</span> <span class='ocrx_word' id='word_1_210' title='bbox 365 2465 532 2541; x_wconf 81' lang='lat' dir='ltr'>acquirere3</span> <span class='ocrx_word' id='word_1_211' title='bbox 555 2466 603 2524; x_wconf 85' lang='lat' dir='ltr'>vel</span> <span class='ocrx_word' id='word_1_212' title='bbox 624 2464 774 2540; x_wconf 85' lang='lat' dir='ltr'>(quoniam</span> <span class='ocrx_word' id='word_1_213' title='bbox 795 2465 922 2539; x_wconf 87' lang='lat' dir='ltr'>cognitio</span> <span class='ocrx_word' id='word_1_214' title='bbox 943 2466 1062 2527; x_wconf 88' lang='lat' dir='ltr'>effectus</span> <span class='ocrx_word' id='word_1_215' title='bbox 1082 2485 1135 2541; x_wconf 91' lang='lat' dir='ltr'>per</span> <span class='ocrx_word' id='word_1_216' title='bbox 1155 2485 1219 2523; x_wconf 90' lang='lat' dir='ltr'>cau·</span> 
     </span>
     <span class='ocr_line' id='line_1_25' title="bbox 147 2544 1219 2621; baseline 0.001 -18"><span class='ocrx_word' id='word_1_217' title='bbox 147 2565 212 2603; x_wconf 88' lang='lat' dir='ltr'>sam</span> <span class='ocrx_word' id='word_1_218' title='bbox 236 2545 307 2603; x_wconf 89' lang='lat' dir='ltr'>nihil</span> <span class='ocrx_word' id='word_1_219' title='bbox 329 2545 406 2603; x_wconf 84' lang='lat' dir='ltr'>aliud</span> <span class='ocrx_word' id='word_1_220' title='bbox 427 2550 480 2613; x_wconf 92' lang='lat' dir='ltr'>est,</span> <span class='ocrx_word' id='word_1_221' title='bbox 503 2566 590 2621; x_wconf 90' lang='lat' dir='ltr'>quam</span> <span class='ocrx_word' id='word_1_222' title='bbox 612 2563 705 2604; x_wconf 85' lang='lat' dir='ltr'>causae</span> <span class='ocrx_word' id='word_1_223' title='bbox 726 2544 934 2620; x_wconf 86' lang='lat' dir='ltr'>proprietatem</span> <span class='ocrx_word' id='word_1_224' title='bbox 955 2545 1080 2620; x_wconf 78' lang='lat' dir='ltr'>aliquem</span> <span class='ocrx_word' id='word_1_225' title='bbox 1101 2564 1219 2620; x_wconf 88' lang='lat' dir='ltr'>cognos-</span> 
     </span>
     <span class='ocr_line' id='line_1_26' title="bbox 147 2625 1219 2700; baseline 0 -16"><span class='ocrx_word' id='word_1_226' title='bbox 147 2627 236 2698; x_wconf 86' lang='lat' dir='ltr'>cere),</span> <span class='ocrx_word' id='word_1_227' title='bbox 268 2645 323 2700; x_wconf 92' lang='lat' dir='ltr'>quo</span> <span class='ocrx_word' id='word_1_228' title='bbox 352 2626 446 2699; x_wconf 87' lang='lat' dir='ltr'>magis</span> <span class='ocrx_word' id='word_1_229' title='bbox 466 2645 513 2684; x_wconf 90' lang='lat' dir='ltr'>res</span> <span class='ocrx_word' id='word_1_230' title='bbox 534 2626 683 2684; x_wconf 85' lang='lat' dir='ltr'>naturales</span> <span class='ocrx_word' id='word_1_231' title='bbox 706 2625 914 2700; x_wconf 85' lang='lat' dir='ltr'>cognoscimus,</span> <span class='ocrx_word' id='word_1_232' title='bbox 936 2645 969 2683; x_wconf 88' lang='lat' dir='ltr'>eo</span> <span class='ocrx_word' id='word_1_233' title='bbox 991 2626 1045 2683; x_wconf 89' lang='lat' dir='ltr'>Dei</span> <span class='ocrx_word' id='word_1_234' title='bbox 1066 2625 1219 2684; x_wconf 89' lang='lat' dir='ltr'>essentiam</span> 
     </span>
     <span class='ocr_line' id='line_1_27' title="bbox 147 2705 1220 2780; baseline 0 -17"><span class='ocrx_word' id='word_1_235' title='bbox 147 2707 226 2780; x_wconf 75' lang='lat' dir='ltr'>(quae</span> <span class='ocrx_word' id='word_1_236' title='bbox 257 2705 383 2763; x_wconf 90' lang='lat' dir='ltr'>omnium</span> <span class='ocrx_word' id='word_1_237' title='bbox 414 2726 510 2764; x_wconf 90' lang='lat' dir='ltr'>rerum</span> <span class='ocrx_word' id='word_1_238' title='bbox 541 2725 629 2764; x_wconf 87' lang='lat' dir='ltr'>causa</span> <span class='ocrx_word' id='word_1_239' title='bbox 660 2708 716 2779; x_wconf 76' lang='lat' dir='ltr'>est)</span> <span class='ocrx_word' id='word_1_240' title='bbox 744 2705 900 2780; x_wconf 89' lang='lat' dir='ltr'>perfectius</span> <span class='ocrx_word' id='word_1_241' title='bbox 921 2725 1111 2780; x_wconf 82' lang='lat' dir='ltr'>cognoscere3</span> <span class='ocrx_word' id='word_1_242' title='bbox 1132 2710 1220 2780; x_wconf 90' lang='lat' dir='ltr'>atquc</span> 
     </span>
     <span class='ocr_line' id='line_1_28' title="bbox 147 2786 1218 2924; baseline 0 -81"><span class='ocrx_word' id='word_1_243' title='bbox 147 2786 221 2844; x_wconf 88' lang='lat' dir='ltr'>adeo</span> <span class='ocrx_word' id='word_1_244' title='bbox 252 2790 316 2843; x_wconf 90' lang='grc'><strong>0000</strong></span> <span class='ocrx_word' id='word_1_245' title='bbox 347 2790 448 2844; x_wconf 87' lang='lat' dir='ltr'>nostra</span> <span class='ocrx_word' id='word_1_246' title='bbox 479 2786 615 2924; x_wconf 89' lang='lat' dir='ltr'>cognitio,</span> <span class='ocrx_word' id='word_1_247' title='bbox 648 2787 704 2844; x_wconf 90' lang='lat' dir='ltr'>hoc</span> <span class='ocrx_word' id='word_1_248' title='bbox 724 2791 769 2843; x_wconf 91' lang='lat' dir='ltr'>cst</span> <span class='ocrx_word' id='word_1_249' title='bbox 789 2806 930 2844; x_wconf 90' lang='lat' dir='ltr'>summum</span> <span class='ocrx_word' id='word_1_250' title='bbox 951 2791 1081 2844; x_wconf 87' lang='lat' dir='ltr'>nostrum</span> <span class='ocrx_word' id='word_1_251' title='bbox 1103 2788 1218 2877; x_wconf 88' lang='lat' dir='ltr'>bonum,</span> 
     </span>
     <span class='ocr_line' id='line_1_29' title="bbox 147 2865 1219 3003; baseline 0.001 -80"><span class='ocrx_word' id='word_1_252' title='bbox 147 2886 209 2923; x_wconf 93' lang='lat' dir='ltr'>non</span> <span class='ocrx_word' id='word_1_253' title='bbox 240 2869 306 2956; x_wconf 78' lang='lat' dir='ltr'>tant</span> <span class='ocrx_word' id='word_1_254' title='bbox 293 2870 354 2924; x_wconf 92' lang='lat' dir='ltr'>tum</span> <span class='ocrx_word' id='word_1_255' title='bbox 387 2866 479 2923; x_wconf 89' lang='lat' dir='ltr'>aDei</span> <span class='ocrx_word' id='word_1_256' title='bbox 500 2866 664 2941; x_wconf 89' lang='lat' dir='ltr'>cognitione</span> <span class='ocrx_word' id='word_1_257' title='bbox 686 2865 961 3003; x_wconf 78' lang='lat' dir='ltr'>dependetscdm</span> <span class='ocrx_word' id='word_1_258' title='bbox 982 2866 1082 2923; x_wconf 87' lang='lat' dir='ltr'>eadem</span> <span class='ocrx_word' id='word_1_259' title='bbox 1103 2867 1219 2924; x_wconf 91' lang='lat' dir='ltr'>omnino</span> 
     </span>
     <span class='ocr_line' id='line_1_30' title="bbox 147 2945 1221 3022; baseline 0.001 -19"><span class='ocrx_word' id='word_1_260' title='bbox 147 2945 290 3004; x_wconf 88' lang='lat' dir='ltr'>consistit.</span> <span class='ocrx_word' id='word_1_261' title='bbox 324 2946 451 3016; x_wconf 79' lang='lat' dir='ltr'>Quode</span> <span class='ocrx_word' id='word_1_262' title='bbox 436 2946 523 3004; x_wconf 89' lang='lat' dir='ltr'>etiam</span> <span class='ocrx_word' id='word_1_263' title='bbox 543 2966 586 3004; x_wconf 84' lang='lat' dir='ltr'>cx</span> <span class='ocrx_word' id='word_1_264' title='bbox 601 2947 657 3004; x_wconf 91' lang='lat' dir='ltr'>hoc</span> <span class='ocrx_word' id='word_1_265' title='bbox 677 2946 773 3022; x_wconf 88' lang='lat' dir='ltr'>sequit</span> <span class='ocrx_word' id='word_1_266' title='bbox 774 2966 817 3017; x_wconf 90' lang='lat' dir='ltr'>ur,</span> <span class='ocrx_word' id='word_1_267' title='bbox 839 2946 914 3020; x_wconf 93' lang='lat' dir='ltr'>quod</span> <span class='ocrx_word' id='word_1_268' title='bbox 936 2947 1020 3003; x_wconf 91' lang='lat' dir='ltr'>homo</span> <span class='ocrx_word' id='word_1_269' title='bbox 1040 2966 1093 3021; x_wconf 90' lang='lat' dir='ltr'>pro</span> <span class='ocrx_word' id='word_1_270' title='bbox 1114 2950 1221 3004; x_wconf 84' lang='lat' dir='ltr'>natura</span> 
     </span>
     <span class='ocr_line' id='line_1_31' title="bbox 147 3025 1221 3101; baseline 0.001 -19"><span class='ocrx_word' id='word_1_271' title='bbox 147 3029 180 3083; x_wconf 92' lang='grc'>00</span> <span class='ocrx_word' id='word_1_272' title='bbox 200 3025 376 3100; x_wconf 84' lang='lat' dir='ltr'>perfectione</span> <span class='ocrx_word' id='word_1_273' title='bbox 397 3025 448 3096; x_wconf 87' lang='lat' dir='ltr'>rei,</span> <span class='ocrx_word' id='word_1_274' title='bbox 472 3046 558 3101; x_wconf 91' lang='lat' dir='ltr'>quam</span> <span class='ocrx_word' id='word_1_275' title='bbox 579 3046 639 3101; x_wconf 86' lang='lat' dir='ltr'>prae</span> <span class='ocrx_word' id='word_1_276' title='bbox 660 3026 779 3101; x_wconf 92' lang='lat' dir='ltr'>reliquis</span> <span class='ocrx_word' id='word_1_277' title='bbox 800 3031 887 3096; x_wconf 87' lang='lat' dir='ltr'>amat,</span> <span class='ocrx_word' id='word_1_278' title='bbox 910 3045 943 3083; x_wconf 92' lang='lat' dir='ltr'>ec</span> <span class='ocrx_word' id='word_1_279' title='bbox 965 3026 1052 3084; x_wconf 90' lang='lat' dir='ltr'>etiam</span> <span class='ocrx_word' id='word_1_280' title='bbox 1066 3026 1184 3100; x_wconf 85' lang='lat' dir='ltr'>perfect</span> <span class='ocrx_word' id='word_1_281' title='bbox 1177 3046 1221 3084; x_wconf 84' lang='lat' dir='ltr'>ror</span> 
     </span>
     <span class='ocr_line' id='line_1_32' title="bbox 150 3072 1220 3181; baseline 0.002 -19"><span class='ocrx_word' id='word_1_282' title='bbox 150 3110 205 3176; x_wconf 88' lang='lat' dir='ltr'>est,</span> <span class='ocrx_word' id='word_1_283' title='bbox 231 3111 261 3163; x_wconf 90' lang='grc'>00</span> <span class='ocrx_word' id='word_1_284' title='bbox 281 3110 349 3163; x_wconf 88' lang='grc'><strong>0000</strong></span> <span class='ocrx_word' id='word_1_285' title='bbox 348 3126 400 3164; x_wconf 88' lang='lat' dir='ltr'>ra:</span> <span class='ocrx_word' id='word_1_286' title='bbox 423 3072 551 3180; x_wconf 86' lang='lat' dir='ltr'>adeoque</span> <span class='ocrx_word' id='word_1_287' title='bbox 571 3105 619 3164; x_wconf 86' lang='lat' dir='ltr'>ille</span> <span class='ocrx_word' id='word_1_288' title='bbox 639 3106 802 3164; x_wconf 89' lang='lat' dir='ltr'>necessario</span> <span class='ocrx_word' id='word_1_289' title='bbox 822 3072 941 3181; x_wconf 76' lang='lat' dir='ltr'>periect</span> <span class='ocrx_word' id='word_1_290' title='bbox 934 3105 1048 3164; x_wconf 84' lang='lat' dir='ltr'>issimus</span> <span class='ocrx_word' id='word_1_291' title='bbox 1069 3111 1114 3164; x_wconf 91' lang='lat' dir='ltr'>est</span> <span class='ocrx_word' id='word_1_292' title='bbox 1134 3110 1164 3164; x_wconf 89' lang='grc'>00</span> <span class='ocrx_word' id='word_1_293' title='bbox 1152 3107 1220 3164; x_wconf 89' lang='lat' dir='ltr'>tde</span> 
     </span>
     <span class='ocr_line' id='line_1_33' title="bbox 148 3185 1219 3262; baseline 0.003 -20"><span class='ocrx_word' id='word_1_294' title='bbox 148 3204 263 3243; x_wconf 88' lang='lat' dir='ltr'>summa</span> <span class='ocrx_word' id='word_1_295' title='bbox 293 3186 471 3244; x_wconf 85' lang='lat' dir='ltr'>beatitudine</span> <span class='ocrx_word' id='word_1_296' title='bbox 502 3187 625 3244; x_wconf 84' lang='lat' dir='ltr'>maxime</span> <span class='ocrx_word' id='word_1_297' title='bbox 645 3187 811 3262; x_wconf 89' lang='lat' dir='ltr'>participat,</span> <span class='ocrx_word' id='word_1_298' title='bbox 834 3187 884 3262; x_wconf 86' lang='lat' dir='ltr'>qui</span> <span class='ocrx_word' id='word_1_299' title='bbox 905 3185 966 3258; x_wconf 88' lang='lat' dir='ltr'>Dei,</span> <span class='ocrx_word' id='word_1_300' title='bbox 989 3186 1064 3244; x_wconf 90' lang='lat' dir='ltr'>entis</span> <span class='ocrx_word' id='word_1_301' title='bbox 1085 3186 1219 3245; x_wconf 91' lang='lat' dir='ltr'>nimirum</span> 
     </span>
     <span class='ocr_line' id='line_1_34' title="bbox 150 3265 1217 3345; baseline 0.001 -23"><span class='ocrx_word' id='word_1_302' title='bbox 150 3265 360 3340; x_wconf 85' lang='lat' dir='ltr'>perfectissimi,</span> <span class='ocrx_word' id='word_1_303' title='bbox 398 3266 621 3325; x_wconf 87' lang='lat' dir='ltr'>intellectualem</span> <span class='ocrx_word' id='word_1_304' title='bbox 660 3267 853 3340; x_wconf 89' lang='lat' dir='ltr'>cognitionem</span> <span class='ocrx_word' id='word_1_305' title='bbox 885 3286 973 3341; x_wconf 86' lang='lat' dir='ltr'>supra</span> <span class='ocrx_word' id='word_1_306' title='bbox 1003 3266 1099 3345; x_wconf 83' lang='lat' dir='ltr'>omnia</span> <span class='ocrx_word' id='word_1_307' title='bbox 1130 3273 1217 3338; x_wconf 86' lang='lat' dir='ltr'>amat,</span> 
     </span>
     <span class='ocr_line' id='line_1_35' title="bbox 150 3345 1219 3421; baseline 0.001 -19"><span class='ocrx_word' id='word_1_308' title='bbox 150 3345 308 3419; x_wconf 89' lang='lat' dir='ltr'>eademque</span> <span class='ocrx_word' id='word_1_309' title='bbox 338 3346 463 3405; x_wconf 80' lang='lat' dir='ltr'>maxime</span> <span class='ocrx_word' id='word_1_310' title='bbox 495 3348 662 3406; x_wconf 90' lang='lat' dir='ltr'>delectatur.</span> <span class='ocrx_word' id='word_1_311' title='bbox 695 3348 761 3405; x_wconf 91' lang='lat' dir='ltr'>Huc</span> <span class='ocrx_word' id='word_1_312' title='bbox 791 3347 888 3421; x_wconf 88' lang='grc'><strong>100000</strong></span> <span class='ocrx_word' id='word_1_313' title='bbox 920 3350 1050 3404; x_wconf 90' lang='lat' dir='ltr'>nostrum</span> <span class='ocrx_word' id='word_1_314' title='bbox 1077 3366 1219 3416; x_wconf 89' lang='lat' dir='ltr'>summum</span> 
     </span>
    </p>
   </div>
   <div class='ocr_carea' id='block_1_3' title="bbox 145 620 1210 794">
    <p class='ocr_par' dir='ltr' id='par_1_3' title="bbox 145 620 1210 794">
     <span class='ocr_line' id='line_1_36' title="bbox 145 620 1210 794; baseline -0.002 -110"><span class='ocrx_word' id='word_1_315' title='bbox 145 626 195 699; x_wconf 86' lang='lat' dir='ltr'>ait,</span> <span class='ocrx_word' id='word_1_316' title='bbox 228 626 346 683; x_wconf 86' lang='lat' dir='ltr'>Justum</span> <span class='ocrx_word' id='word_1_317' title='bbox 355 622 501 794; x_wconf 43' lang='grc' dir='ltr'>ἐξῆ</span> <span class='ocrx_word' id='word_1_318' title='bbox 513 642 577 679; x_wconf 90' lang='lat' dir='ltr'>cum</span> <span class='ocrx_word' id='word_1_319' title='bbox 609 621 643 678; x_wconf 91' lang='lat' dir='ltr'>fit</span> <span class='ocrx_word' id='word_1_320' title='bbox 672 620 820 698; x_wconf 87' lang='lat' dir='ltr'>judicium,</span> <span class='ocrx_word' id='word_1_321' title='bbox 850 621 965 712; x_wconf 84' lang='lat' dir='ltr'>iniquos</span> <span class='ocrx_word' id='word_1_322' title='bbox 985 628 1081 681; x_wconf 87' lang='lat' dir='ltr'>autem</span> <span class='ocrx_word' id='word_1_323' title='bbox 1102 643 1210 698; x_wconf 85' lang='lat' dir='ltr'>pavere</span> 
     </span>
    </p>
   </div>
   <div class='ocr_carea' id='block_1_4' title="bbox 147 3426 1219 3981">
    <p class='ocr_par' dir='ltr' id='par_1_4' title="bbox 147 3426 1219 3981">
     <span class='ocr_line' id='line_1_37' title="bbox 150 3426 1219 3501; baseline 0.002 -19"><span class='ocrx_word' id='word_1_324' title='bbox 150 3427 257 3482; x_wconf 92' lang='lat' dir='ltr'>bonum</span> <span class='ocrx_word' id='word_1_325' title='bbox 289 3430 445 3500; x_wconf 87' lang='lat' dir='ltr'>nostraque</span> <span class='ocrx_word' id='word_1_326' title='bbox 477 3427 625 3486; x_wconf 88' lang='lat' dir='ltr'>beatitudo</span> <span class='ocrx_word' id='word_1_327' title='bbox 657 3428 740 3496; x_wconf 91' lang='lat' dir='ltr'>redit,</span> <span class='ocrx_word' id='word_1_328' title='bbox 773 3426 803 3484; x_wconf 93' lang='lat' dir='ltr'>in</span> <span class='ocrx_word' id='word_1_329' title='bbox 835 3426 1030 3501; x_wconf 88' lang='lat' dir='ltr'>cognitionem</span> <span class='ocrx_word' id='word_1_330' title='bbox 1061 3426 1169 3484; x_wconf 90' lang='lat' dir='ltr'>scilicet</span> <span class='ocrx_word' id='word_1_331' title='bbox 1189 3431 1219 3484; x_wconf 92' lang='lat' dir='ltr'>et</span> 
     </span>
     <span class='ocr_line' id='line_1_38' title="bbox 149 3503 1219 3582; baseline 0.001 -20"><span class='ocrx_word' id='word_1_332' title='bbox 149 3525 278 3562; x_wconf 89' lang='lat' dir='ltr'>amorem</span> <span class='ocrx_word' id='word_1_333' title='bbox 309 3506 372 3565; x_wconf 90' lang='lat' dir='ltr'>Dei.</span> <span class='ocrx_word' id='word_1_334' title='bbox 405 3507 501 3565; x_wconf 87' lang='lat' dir='ltr'>Media</span> <span class='ocrx_word' id='word_1_335' title='bbox 522 3503 619 3581; x_wconf 89' lang='lat' dir='ltr'>igitur,</span> <span class='ocrx_word' id='word_1_336' title='bbox 642 3526 704 3582; x_wconf 82' lang='lat' dir='ltr'>quaa</span> <span class='ocrx_word' id='word_1_337' title='bbox 726 3508 773 3565; x_wconf 92' lang='lat' dir='ltr'>hio</span> <span class='ocrx_word' id='word_1_338' title='bbox 793 3507 860 3564; x_wconf 88' lang='lat' dir='ltr'>finis</span> <span class='ocrx_word' id='word_1_339' title='bbox 881 3505 1007 3564; x_wconf 92' lang='lat' dir='ltr'>omnium</span> <span class='ocrx_word' id='word_1_340' title='bbox 1027 3508 1219 3564; x_wconf 88' lang='lat' dir='ltr'>humanarum</span> 
     </span>
     <span class='ocr_line' id='line_1_39' title="bbox 149 3584 1218 3662; baseline 0.002 -20"><span class='ocrx_word' id='word_1_341' title='bbox 149 3584 306 3655; x_wconf 88' lang='lat' dir='ltr'>actionum,</span> <span class='ocrx_word' id='word_1_342' title='bbox 339 3606 442 3662; x_wconf 92' lang='lat' dir='ltr'>nempe</span> <span class='ocrx_word' id='word_1_343' title='bbox 472 3588 534 3662; x_wconf 88' lang='lat' dir='ltr'>ipse</span> <span class='ocrx_word' id='word_1_344' title='bbox 564 3588 651 3656; x_wconf 89' lang='lat' dir='ltr'>Deus,</span> <span class='ocrx_word' id='word_1_345' title='bbox 681 3593 823 3661; x_wconf 87' lang='lat' dir='ltr'>qnatenus</span> <span class='ocrx_word' id='word_1_346' title='bbox 844 3588 906 3662; x_wconf 86' lang='lat' dir='ltr'>ejus</span> <span class='ocrx_word' id='word_1_347' title='bbox 926 3587 991 3644; x_wconf 87' lang='lat' dir='ltr'>idea</span> <span class='ocrx_word' id='word_1_348' title='bbox 1011 3586 1041 3644; x_wconf 92' lang='lat' dir='ltr'>in</span> <span class='ocrx_word' id='word_1_349' title='bbox 1062 3587 1144 3645; x_wconf 88' lang='lat' dir='ltr'>nobis</span> <span class='ocrx_word' id='word_1_350' title='bbox 1166 3592 1218 3658; x_wconf 89' lang='lat' dir='ltr'>est,</span> 
     </span>
     <span class='ocr_line' id='line_1_40' title="bbox 151 3664 1219 3742; baseline 0.001 -19"><span class='ocrx_word' id='word_1_351' title='bbox 151 3664 253 3739; x_wconf 87' lang='lat' dir='ltr'>exigit,</span> <span class='ocrx_word' id='word_1_352' title='bbox 283 3666 365 3740; x_wconf 86' lang='lat' dir='ltr'>jussa</span> <span class='ocrx_word' id='word_1_353' title='bbox 385 3667 440 3725; x_wconf 89' lang='lat' dir='ltr'>Dei</span> <span class='ocrx_word' id='word_1_354' title='bbox 460 3666 559 3725; x_wconf 85' lang='lat' dir='ltr'>vocari</span> <span class='ocrx_word' id='word_1_355' title='bbox 579 3672 709 3742; x_wconf 87' lang='lat' dir='ltr'>possunt,</span> <span class='ocrx_word' id='word_1_356' title='bbox 732 3668 799 3742; x_wconf 89' lang='lat' dir='ltr'>quia</span> <span class='ocrx_word' id='word_1_357' title='bbox 820 3667 902 3742; x_wconf 86' lang='lat' dir='ltr'>quasi</span> <span class='ocrx_word' id='word_1_358' title='bbox 924 3670 960 3724; x_wconf 90' lang='lat' dir='ltr'>ab</span> <span class='ocrx_word' id='word_1_359' title='bbox 981 3667 1043 3742; x_wconf 91' lang='lat' dir='ltr'>ipso</span> <span class='ocrx_word' id='word_1_360' title='bbox 1065 3668 1135 3739; x_wconf 90' lang='lat' dir='ltr'>Deo,</span> <span class='ocrx_word' id='word_1_361' title='bbox 1151 3688 1219 3742; x_wconf 90' lang='grc'><strong>000-</strong></span> 
     </span>
     <span class='ocr_line' id='line_1_41' title="bbox 147 3744 1219 3822; baseline 0.001 -20"><span class='ocrx_word' id='word_1_362' title='bbox 147 3748 236 3803; x_wconf 90' lang='lat' dir='ltr'>tenus</span> <span class='ocrx_word' id='word_1_363' title='bbox 257 3744 408 3804; x_wconf 82' lang='lat' dir='ltr'>in&#39;nostra</span> <span class='ocrx_word' id='word_1_364' title='bbox 428 3752 524 3805; x_wconf 90' lang='lat' dir='ltr'>mente</span> <span class='ocrx_word' id='word_1_365' title='bbox 544 3746 652 3818; x_wconf 80' lang='lat' dir='ltr'>existit,</span> <span class='ocrx_word' id='word_1_366' title='bbox 674 3747 757 3805; x_wconf 91' lang='lat' dir='ltr'>nobis</span> <span class='ocrx_word' id='word_1_367' title='bbox 776 3747 1019 3822; x_wconf 82' lang='lat' dir='ltr'>praescribuntur3</span> <span class='ocrx_word' id='word_1_368' title='bbox 1041 3751 1128 3821; x_wconf 91' lang='lat' dir='ltr'>atquc</span> <span class='ocrx_word' id='word_1_369' title='bbox 1148 3748 1219 3804; x_wconf 84' lang='lat' dir='ltr'>adeo</span> 
     </span>
     <span class='ocr_line' id='line_1_42' title="bbox 149 3825 1219 3902; baseline 0 -19"><span class='ocrx_word' id='word_1_370' title='bbox 149 3825 226 3883; x_wconf 87' lang='lat' dir='ltr'>ratio</span> <span class='ocrx_word' id='word_1_371' title='bbox 247 3825 376 3891; x_wconf 79' lang='lat' dir='ltr'>vivendi,</span> <span class='ocrx_word' id='word_1_372' title='bbox 397 3848 461 3902; x_wconf 87' lang='lat' dir='ltr'>quaa</span> <span class='ocrx_word' id='word_1_373' title='bbox 482 3828 559 3885; x_wconf 92' lang='lat' dir='ltr'>hunc</span> <span class='ocrx_word' id='word_1_374' title='bbox 579 3828 664 3885; x_wconf 89' lang='lat' dir='ltr'>finem</span> <span class='ocrx_word' id='word_1_375' title='bbox 687 3832 808 3902; x_wconf 87' lang='lat' dir='ltr'>spectat,</span> <span class='ocrx_word' id='word_1_376' title='bbox 830 3829 875 3884; x_wconf 83' lang='lat' dir='ltr'>lex</span> <span class='ocrx_word' id='word_1_377' title='bbox 897 3827 995 3885; x_wconf 83' lang='lat' dir='ltr'>divina</span> <span class='ocrx_word' id='word_1_378' title='bbox 1016 3827 1122 3902; x_wconf 92' lang='lat' dir='ltr'>optime</span> <span class='ocrx_word' id='word_1_379' title='bbox 1137 3846 1219 3884; x_wconf 89' lang='lat' dir='ltr'>voca·</span> 
     </span>
     <span class='ocr_line' id='line_1_43' title="bbox 147 3905 1218 3981; baseline 0 -19"><span class='ocrx_word' id='word_1_380' title='bbox 147 3908 208 3964; x_wconf 89' lang='lat' dir='ltr'>tur.</span> <span class='ocrx_word' id='word_1_381' title='bbox 232 3905 371 3975; x_wconf 63' lang='lat' dir='ltr'>Quasnam</span> <span class='ocrx_word' id='word_1_382' title='bbox 391 3911 487 3965; x_wconf 87' lang='lat' dir='ltr'>autem</span> <span class='ocrx_word' id='word_1_383' title='bbox 508 3908 569 3966; x_wconf 83' lang='lat' dir='ltr'>haec</span> <span class='ocrx_word' id='word_1_384' title='bbox 590 3907 683 3965; x_wconf 90' lang='lat' dir='ltr'>media</span> <span class='ocrx_word' id='word_1_385' title='bbox 704 3907 772 3977; x_wconf 89' lang='lat' dir='ltr'>sint,</span> <span class='ocrx_word' id='word_1_386' title='bbox 794 3912 824 3964; x_wconf 90' lang='lat' dir='ltr'>et</span> <span class='ocrx_word' id='word_1_387' title='bbox 845 3926 976 3981; x_wconf 86' lang='lat' dir='ltr'>quaenam</span> <span class='ocrx_word' id='word_1_388' title='bbox 997 3908 1071 3965; x_wconf 88' lang='lat' dir='ltr'>ratio</span> <span class='ocrx_word' id='word_1_389' title='bbox 1092 3905 1218 3977; x_wconf 85' lang='lat' dir='ltr'>vivendi,</span> 
     </span>
    </p>
   </div>
   <div class='ocr_carea' id='block_1_5' title="bbox 0 0 1397 4392">
    <p class='ocr_par' dir='ltr' id='par_1_5' title="bbox 0 0 1397 4392">
     <span class='ocr_line' id='line_1_44' title="bbox 0 0 1397 4392; baseline 0 0"><span class='ocrx_word' id='word_1_390' title='bbox 0 0 1397 4392; x_wconf 95' lang='lat' dir='ltr'> </span> 
     </span>
    </p>
   </div>
  </div>
 </body>
</html>
