2784 4392
454 337 776 378 ausemano-romum
798 336 863 376 one.
885 335 937 374 vn.
1194 316 1233 374 37

155 506 325 578 confitentur
346 523 449 575 omnes,
472 506 522 579 qni
536 512 616 563 actae
630 505 795 562 Alexandri
807 505 1003 578 scripseranl;
1018 504 1053 560 de
1065 503 1110 560 lic
1123 504 1230 577 itaque,

154 586 229 643 sicut
257 586 403 659 placuerit
439 585 561 659 cuilibet,
594 586 741 643 existimet.
774 584 848 642 Haec
879 587 948 641 sunt
980 584 1070 641 verba
1101 580 1231 657 losephi,

154 663 276 739 ejusque
297 664 332 722 de
352 663 409 722 fide
430 663 634 722 miraculorum
652 663 822 755 judicium..

559 848 581 909 0
592 849 621 908 Α
632 849 656 907 P
667 849 695 908 U
707 849 731 906 T
759 848 826 906 VII.

443 1036 488 1093 Dc
507 1036 748 1111 Interpretetione
769 1035 940 1109 Scriptura.

196 1221 338 1279 Omnibus
357 1219 388 1278 in
409 1240 459 1279 ore
480 1219 596 1296 quidem
617 1225 670 1292 est,
693 1220 812 1279 Sacram
834 1219 1013 1296 Scripturam
1030 1221 1152 1277 verbum
1166 1238 1228 1277 esse

153 1301 217 1372 Dei,
244 1301 322 1377 quod
343 1300 474 1359 homines
495 1320 595 1359 veram
615 1299 824 1359 beatitudinem
845 1300 893 1358 vel
913 1298 1016 1358 salutis
1037 1298 1114 1357 viam
1135 1299 1227 1358 docet.

152 1381 263 1440 Verum
296 1401 328 1439 re
358 1380 423 1457 ipsa
443 1380 521 1439 aliud
543 1381 629 1456 plano
649 1380 794 1454 indicant,
816 1380 924 1455 vulgus
945 1378 1021 1438 enim
1042 1378 1114 1437 nihil
1134 1378 1229 1437 minus

152 1481 257 1520 curare
287 1461 412 1532 videtur,
445 1481 533 1537 quam
553 1480 591 1519 ex
612 1460 793 1527 documentis
814 1460 911 1518 Sacrae
934 1459 1092 1535 Scripturas
1113 1458 1227 1530 vivere3

152 1546 187 1600 ot
206 1561 306 1600 omnes
325 1542 387 1600 fere
407 1561 461 1600 sua
481 1545 644 1600 commenta
663 1561 717 1617 pro
737 1540 792 1599 Dei
812 1542 902 1600 verbo
919 1540 1073 1598 venditare
1086 1538 1228 1612 videmus,

155 1641 209 1681 nec
229 1621 307 1680 ahud
328 1622 454 1695 studere,
476 1641 562 1697 quam
584 1624 637 1680 sub
652 1625 799 1697 praetextu
812 1619 962 1696 religionis
977 1624 1100 1679 caeteros
1113 1639 1228 1694 cogere,

154 1707 189 1760 ut
218 1721 315 1760 secum
347 1700 484 1760 sentiant.
506 1700 655 1772 Videmua,
676 1701 805 1777 inquam,
827 1700 990 1776 Theologos
1011 1699 1147 1759 sollicitos
1167 1700 1228 1776 ple·

152 1801 275 1857 rumque
295 1781 393 1852 fiisse,
414 1782 555 1857 quomodo
578 1802 631 1840 sua
651 1782 792 1858 figmenta
812 1785 842 1840 et
858 1780 966 1856 placita
981 1800 1017 1839 111
1030 1779 1121 1839 sacris
1133 1779 1227 1838 literis

150 1860 327 1937 extorquere
358 1866 486 1938 possent,
518 1866 548 1920 et
578 1861 678 1921 divina
711 1861 890 1921 authoritate
919 1860 1042 1932 munire,
1070 1879 1124 1919 nec
1147 1859 1226 1919 aliud

153 1941 265 2001 minore
295 1962 359 2001 cum
392 1942 527 2018 scrupulo
556 1942 723 2018 majoreque
750 1962 815 2001 cum
836 1940 1000 2000 temeritate
1020 1959 1116 2016 agere,
1139 1959 1225 2016 quarn

152 2022 321 2098 Scripturas
345 2022 407 2080 sive
428 2022 553 2098 Spiritus
574 2021 674 2081 Sancti
694 2026 821 2080 mentem
840 2019 1046 2097 interpretari3
1068 2025 1098 2078 et
1118 2020 1144 2078 si
1163 2025 1226 2079 tum

151 2121 204 2161 eos
224 2101 332 2178 aliquid
353 2101 491 2161 sollicitos
511 2102 608 2174 habet,
628 2122 690 2173 non
710 2107 755 2160 est
776 2102 854 2178 quod
873 2105 1022 2172 verentur,
1045 2119 1082 2158 111
1103 2099 1225 2176 Spiritui

152 2182 264 2241 Sancto
293 2182 416 2258 aliquem
448 2202 575 2241 errorem
606 2183 751 2258 affingant
780 2187 811 2241 et
839 2201 857 2239 a
888 2180 937 2240 via
957 2180 1059 2240 salutis
1079 2182 1225 2252 aberrent,

152 2263 206 2322 sed
235 2283 274 2321 ne
301 2262 407 2321 erroris
428 2265 465 2321 ab
487 2262 551 2321 aliis
572 2262 792 2332 convincantur,
815 2266 903 2338 atque
923 2261 966 2319 ita
986 2259 1105 2337 propria
1125 2279 1225 2318 eorum

153 2345 209 2402 sub
239 2342 361 2419 pedibus
382 2343 479 2418 jaceat
499 2343 672 2414 authoritas,
694 2348 725 2401 et
745 2345 782 2402 ab
803 2341 867 2400 ahis
888 2345 1120 2401 contemnantur.
1143 2341 1224 2410 Quod
1322 2363 1324 2367 ·

153 2422 181 2481 si
212 2423 344 2481 homines
373 2422 411 2494 id,
444 2424 520 2498 quod
551 2423 649 2482 verbis
679 2423 715 2481 de
747 2422 897 2498 Scriptura
921 2426 1075 2493 testantur,
1097 2440 1134 2479 ox
1155 2440 1225 2480 vero

153 2501 252 2562 animo
285 2503 423 2575 dicerent,
445 2507 507 2562 tum
527 2502 613 2562 aliam
634 2523 753 2579 prorsus
773 2502 892 2562 vivendi
911 2502 1053 2561 rationem
1074 2502 1224 2574 haberent,

154 2603 249 2659 neque
282 2588 327 2642 tot
358 2583 509 2642 discordia
538 2603 637 2643 eorum
668 2588 780 2642 montes
808 2582 956 2657 agitarent
975 2601 1068 2657 neque
1088 2585 1133 2639 tot
1153 2581 1226 2640 odiis

151 2667 310 2734 certarent,
344 2683 398 2722 nee
429 2668 490 2722 tam
514 2684 592 2723 coeca
613 2669 643 2722 11
663 2662 818 2722 temeraria
837 2662 996 2739 cupiditate
1014 2661 1226 2737 interpretandi

152 2742 343 2823 Scripturam,
376 2763 511 2819 novaque
531 2743 562 2802 in
582 2743 734 2819 Religione
754 2742 948 2818 excogitandi,
970 2745 1153 2812 tenetentum
1174 2742 1224 2800 sed

151 2828 256 2882 contra
286 2823 358 2882 nihil
388 2829 530 2900 tanquam
556 2824 714 2900 Scripturas
736 2823 897 2882 doctrinam
917 2821 1053 2898 amplecti
1074 2822 1223 2891 auderent,

151 2905 228 2979 quod
259 2907 297 2962 ab
321 2904 391 2980 ipsa
422 2924 509 2980 quam
541 2904 699 2962 clarissime
734 2924 793 2963 non
823 2903 1028 2973 edocerentur3
1050 2906 1080 2959 et
1101 2900 1225 2977 denique

152 2983 288 3059 sacrilegi
318 2983 369 3056 illi,
401 2984 450 3059 qui
481 2982 660 3059 Scripturam
685 2983 818 3061 plurimis
837 2983 868 3042 in
888 2981 960 3042 locis
980 2982 1145 3041 adulterare
1165 3000 1224 3040 non

150 3068 222 3122 sunt
244 3062 341 3135 veriti,
363 3084 381 3122 a
401 3069 484 3123 tanto
505 3065 613 3123 scelere
633 3064 759 3122 maxime
780 3063 935 3133 cavissent,
956 3080 1116 3138 manusque
1137 3060 1222 3120 sacri·

151 3144 234 3219 legas
253 3146 291 3202 ab
312 3143 348 3202 iis
368 3144 585 3203 abstinuissent.
607 3146 648 3203 At
668 3143 787 3203 ambitio
808 3148 839 3202 et
858 3144 952 3202 scelus
971 3147 1086 3200 tantum
1106 3142 1224 3201 tandem

152 3228 318 3299 potuerunt,
340 3228 373 3282 ut
393 3224 507 3300 Religio
528 3245 587 3283 non
608 3230 668 3283 tam
688 3224 719 3283 in
738 3222 971 3300 obtemperandis
985 3222 1110 3299 Spiritus
1124 3221 1225 3280 Sancti

150 3303 340 3374 documentis,
374 3324 461 3381 quam
480 3304 512 3363 in
533 3304 720 3364 defendendis
739 3305 888 3363 hominum
909 3302 1078 3362 commentis
1098 3301 1155 3360 sita
1175 3302 1222 3374 sit,
1249 3292 1259 3311 ⁸
1318 3318 1322 3321 ’

152 3381 208 3442 imo
229 3389 263 3443 ut
283 3383 396 3459 Religio
417 3405 475 3444 non
496 3384 648 3455 charitate,
671 3385 721 3443 sod
743 3383 963 3442 disseminandis
984 3381 1133 3442 discordiis
1145 3382 1223 3441 inter

149 3463 291 3535 homines,
317 3469 347 3522 et
371 3463 437 3524 odio
457 3464 658 3534 infensissimo,
681 3465 757 3541 quod
778 3465 852 3522 falso
872 3463 988 3522 nomino
1008 3462 1062 3522 zeli
1082 3461 1173 3520 divini
1193 3467 1224 3520 et

149 3543 281 3602 ardentis
311 3544 399 3603 studii
429 3546 611 3618 adumbrant,
644 3545 833 3620 propagando
865 3543 1057 3602 contineatur.
1089 3542 1137 3600 Ad
1157 3543 1222 3601 haec

151 3624 227 3682 mala
258 3624 380 3683 accessit
408 3624 587 3700 superstitio,
617 3645 683 3701 quae
705 3625 835 3683 homines
855 3624 1009 3683 Rationem
1030 3627 1060 3681 et
1079 3622 1223 3681 Naturam

149 3708 335 3763 contemnere
367 3705 459 3776 docet,
492 3710 522 3764 et
551 3706 580 3764 id
612 3709 725 3763 tantum
758 3704 894 3763 admirari
925 3724 960 3762 ac
980 3702 1123 3773 venerari,
1145 3703 1222 3778 quod

151 3783 218 3843 huic
248 3784 365 3861 utrique
395 3791 555 3861 repugnat:
587 3805 676 3861 quare
701 3805 759 3843 non
780 3784 883 3843 mirum
904 3789 957 3855 est,
981 3784 1057 3860 quod
1079 3782 1217 3854 homines,
