2784 4392
433 328 758 369 rusonoorooromrror.
781 327 844 368 our.
866 329 894 366 v.
1163 308 1199 366 21

139 516 254 570 ranum,
286 501 337 555 aut
368 496 522 554 Poetarum
554 494 667 552 fabulas
687 492 829 563 Scenicas,
851 499 902 552 aut
922 493 1025 551 saltem
1045 492 1205 551 eommunia

138 576 285 638 Chronica
315 595 350 634 ea
380 575 551 645 attentione,
584 593 642 649 qua
661 574 768 648 vulgus
788 574 870 643 solet,
890 573 1022 649 legisset;
1044 577 1074 631 et
1093 578 1204 646 contra,

139 658 187 717 uti
207 656 340 726 diximus,
360 656 395 727 is,
418 655 467 731 qui
488 674 538 713 eas
557 654 643 730 plane
663 654 789 729 ignorat,
810 658 840 711 et
859 653 1044 712 nihilominus
1064 653 1206 712 salutares

139 739 231 796 habet
271 736 429 812 opiniones,
470 754 628 810 veramque
668 734 786 792 vivendi
826 734 976 804 rationem,
1013 733 1039 792 is
1075 734 1206 792 absolute

138 821 245 876 beatus
275 821 329 886 est,
360 820 390 875 et
421 834 524 874 revera
543 813 651 873 Christi
671 813 809 897 Spiritum
829 813 860 871 iu
880 833 911 872 se
931 814 1028 872 habet.
1049 814 1091 871 At
1110 813 1204 872 Judaei

136 902 243 956 eontra
272 898 359 973 plane
384 895 529 966 sentiunt;
550 898 683 953 statuunt
704 894 789 965 enim,
810 914 896 953 veras
916 893 1073 969 opiniones,
1095 913 1204 952 veram·

136 997 198 1054 que
224 977 341 1036 vivendi
360 975 503 1034 rationem
524 974 595 1033 nihil
615 975 752 1050 prodesse
773 975 809 1033 ad
830 973 1045 1043 beatitudinem,
1068 974 1203 1049 quamdiu

136 1057 270 1116 homines
303 1077 353 1115 eas
388 1076 425 1113 ex
459 1057 519 1114 solo
550 1054 658 1113 lumine
688 1054 815 1113 naturali
846 1055 1057 1130 amplectuntur
1088 1058 1117 1111 et
1147 1073 1206 1111 non

136 1143 174 1196 ut
197 1139 368 1196 documenta
388 1137 464 1194 Mosi
483 1134 651 1211 prophetice
680 1135 822 1193 revelata:
844 1135 899 1192 hoc
919 1134 995 1192 enim
1014 1133 1204 1192 Maimouides

135 1237 203 1294 cup.
235 1219 262 1276 8.
294 1218 407 1291 Regum
429 1217 444 1250 *
465 1216 529 1290 lege
561 1216 607 1273 11.
640 1219 740 1291 aperte
760 1214 806 1272 his
826 1213 923 1273 verbis
943 1214 1030 1272 audet
1050 1213 1203 1284 affirmare,

133 1325 235 1421 uirus
260 1356 352 1413 auu
376 1355 484 1411 uuus
508 1355 593 1413 uua
616 1322 733 1437 imeri
756 1355 832 1412 mm
855 1355 934 1410 mm
956 1353 1030 1418 mo
1045 1322 1150 1434 'inpar
1165 1321 1204 1408 52

135 1466 222 1523 uuo
239 1465 305 1522 use
321 1463 390 1546 pau
405 1462 586 1549 numquis
601 1431 701 1545 ‘bique
718 1465 788 1520 auu
804 1467 811 1510 t
827 1464 895 1519 auu
909 1430 1002 1526 abiut
1017 1430 1080 1543 pbri
1103 1429 1133 1514 b
1154 1459 1204 1517 eu

136 1573 213 1632 'mc
240 1572 314 1627 um
340 1572 416 1629 urm
441 1569 482 1624 m
505 1552 547 1634 br
570 1568 692 1633 rurum
716 1571 814 1628 auur
838 1572 897 1628 mu
921 1570 994 1650 pu
1020 1570 1124 1649 mapa
1150 1568 1204 1650 pu:
1312 1591 1315 1597 «

136 1682 175 1738 'u
198 1683 230 1739 ru
253 1681 297 1765 pu
324 1680 526 1746 amarum
550 1679 616 1736 'leb
636 1678 724 1761 parer
743 1678 789 1735 ou
809 1647 873 1734 bru
893 1678 945 1759 pu
961 1678 1040 1734 imur
1055 1676 1151 1757 supa
1166 1674 1203 1729 ru
1238 1690 1240 1693 ·

133 1789 299 1847 :murus
315 1788 383 1846 uui
399 1756 496 1853 stum
511 1787 605 1844 muru
621 1786 729 1843 uuus
743 1786 812 1843 um
828 1784 914 1844 rma
933 1786 1032 1853 uuna,
1055 1785 1104 1859 qur
1123 1783 1162 1840 aa
1175 1801 1203 1839 se

132 1888 255 1961 suscipit
280 1883 291 1915 ¹
311 1894 414 1960 septem
432 1891 586 1960 precepto,
608 1891 633 1941 et
646 1904 679 1942 ea
693 1885 841 1959 diliqeuter
854 1890 1008 1958 exequutus
1019 1881 1119 1956 fuerit,
1134 1882 1203 1938 iser

131 1968 196 2041 piis·
207 1966 367 2023 Notiouum
378 1972 424 2035 est,
437 1973 461 2022 et
472 1966 561 2022 lueres
570 1965 669 2038 futuri
677 1965 781 2022 muudi
786 1986 797 2037 ,·
807 1965 930 2020 uidelicet
940 1965 966 2021 ai
976 1964 1040 2036 ipso
1050 1961 1204 2035 susceperit

133 2053 163 2103 et
183 2053 336 2121 exequutus
356 2047 446 2121 fuerit
464 2052 625 2120 propterea,
648 2045 725 2120 quod
738 2045 816 2102 Deus
829 2063 860 2101 eo
876 2045 906 2100 iu
921 2044 975 2119 leqe
984 2043 1163 2116 preceperit,
1178 2047 1203 2097 et

134 2127 214 2202 quod
240 2126 321 2184 uobis
336 2145 393 2201 per
413 2125 512 2183 Mosen
533 2125 703 2193 revelaverit,
727 2125 801 2199 quod
820 2124 890 2196 filiis
910 2124 982 2180 Nece
1001 2122 1098 2179 eudem
1119 2127 1203 2177 autea

33 2209 37 2219 '
129 2213 279 2281 precepta
298 2206 434 2280 sueruut;
454 2207 503 2263 sect
516 2207 541 2262 si
554 2224 587 2262 ea
601 2224 619 2261 u
634 2205 755 2262 Ratione
769 2205 873 2261 ductus
882 2209 1036 2278 exequutus
1047 2202 1145 2276 suerit,
1156 2201 1202 2256 bic

138 2304 197 2343 nou
210 2292 249 2343 est
262 2287 365 2357 incolo,
380 2304 429 2343 uec
442 2304 477 2343 eu
486 2287 552 2360 piis,
564 2304 613 2342 uec
624 2285 658 2345 ’²⁶³
668 2304 703 2342 ex
712 2285 862 2341 scientibus
874 2283 1041 2341 Notiouum.
1053 2281 1124 2339 Haeo
1135 2281 1203 2337 sunt

137 2366 230 2423 verba
260 2364 452 2438 Maimonidis,
486 2363 588 2439 quibus
619 2364 653 2422 lt.
688 2365 799 2438 Joseph
819 2362 894 2421 filius
915 2362 1001 2420 Shem
1022 2361 1084 2418 'lob
1098 2359 1129 2417 in
1150 2378 1201 2417 suo

138 2443 222 2516 libro,
244 2464 327 2520 quem
348 2449 434 2503 vocat
453 2444 554 2503 Kebod
574 2442 687 2503 Elohim
708 2463 759 2501 seu
777 2445 900 2520 qlor·iom
920 2444 984 2510 Dei,
1006 2440 1093 2511 addit,
1116 2438 1200 2514 quod,

137 2524 271 2600 quamvis
301 2524 475 2583 Aristoteles
511 2529 606 2599 (quem
626 2543 767 2581 summam
787 2522 918 2581 Ethicam
939 2520 1087 2596 scripsisse
1106 2523 1200 2595 putat,

137 2609 171 2663 et
203 2624 291 2681 supra
311 2623 411 2663 omnes
431 2604 567 2677 aestimat)
587 2603 660 2662 nihil
680 2622 788 2676 eorum,
810 2621 872 2678 quae
892 2603 928 2660 ad
948 2620 1047 2659 veram
1067 2599 1199 2657 Ethicam

139 2688 282 2760 spectant,
314 2688 344 2742 et
364 2704 428 2761 quae
448 2683 534 2743 etiam
555 2683 585 2741 in
607 2702 661 2741 sua
679 2683 784 2742 Ethica
804 2683 953 2759 amplexus
973 2685 1027 2750 est,
1048 2678 1199 2747 omisisset,

136 2763 187 2822 sed
209 2764 305 2823 omnia
325 2764 478 2840 diligenter
498 2768 659 2838 exequutus
678 2762 790 2835 fuisset,
811 2764 866 2821 hoo
887 2767 984 2820 tamen
1003 2760 1058 2836 ipsi
1079 2759 1199 2817 adsalu-

165 2990 177 3016 *
200 2991 248 3037 Est
271 2991 325 3037 haeo
342 2992 423 3037 sectio
442 2991 534 3037 ultima
552 2961 695 3048 immi
712 2960 804 3047 0*sz
818 2957 922 3046 nisti)
939 2989 1024 3046 operis
1040 3001 1061 3033 o.
1078 2991 1095 3034 t.
1112 2986 1201 3044 mvn

135 3060 213 3117 ΠἾῚΠ
229 3072 274 3105 seu
290 3059 390 3139 nplm
406 3057 445 3115 7³,
461 3073 475 3105 e
495 3072 546 3117 qua
562 3059 654 3117 capitis
671 3058 693 3104 8.
715 3057 806 3103 ultima
821 3055 900 3101 verba
915 3057 1072 3114 repetuntur.

170 3167 178 3195 ¹
194 3165 245 3212 NB.
262 3165 365 3212 Judaeos
380 3169 479 3224 putere,
497 3165 579 3211 Deum
596 3164 656 3211 Noae
672 3167 771 3223 septem
788 3164 914 3221 praeoepto
931 3162 1041 3219 dedisse,
1056 3165 1083 3208 et
1094 3163 1126 3208 iis
1137 3163 1200 3208 solis

134 3241 224 3279 omnes
248 3228 366 3274 nationes
390 3229 485 3274 teneri:
511 3226 624 3273 Hebrus
650 3230 735 3272 autem
761 3225 809 3270 soli
834 3224 884 3270 ulie
907 3224 1062 3283 perplurima
1078 3228 1200 3284 praterea

135 3290 247 3347 dedisse,
262 3292 292 3336 nt
308 3303 364 3336 eam
380 3289 521 3337 beatiorem
537 3289 643 3347 reliquis
659 3289 763 3335 iaceret.

165 3391 191 3418 *²
206 3393 285 3451 uim.
304 3392 387 3451 Vulgo
405 3393 526 3440 scribitur
542 3363 603 3450 “ln
620 3392 688 3450 quod
705 3391 773 3436 idem
791 3389 1194 3449 significat(edd.princ.1475-

133 3459 173 3516 80,
197 3458 265 3511 1490,
291 3460 359 3516 1524,
385 3461 470 3519 leto).
495 3462 587 3508 Verum
604 3459 631 3504 in
648 3459 753 3518 optimis
770 3458 843 3504 codd.
859 3457 929 3503 Mes
946 3456 1017 3512 (bibl.
1035 3455 1117 3512 Bodl,
1132 3456 1198 3501 Mus.

132 3562 205 3618 Brit,
222 3562 315 3609 Semin.
332 3564 379 3611 Iar.
395 3563 478 3610 Lusit.
495 3561 636 3609 Amstelod.
656 3561 716 3607 unni
734 3559 794 3606 1282
804 3565 812 3617 ¹l
823 3560 918 3618 legitur
929 3529 997 3617 ὡκ
1008 3559 1024 3604 i.
1037 3572 1058 3604 e.
1069 3558 1113 3604 sed
1124 3572 1155 3603 ecc
1165 3571 1197 3602 ec.

132 3629 164 3676 N.
180 3629 277 3675 Eodem
294 3631 362 3677 redit
378 3632 446 3690 quod
462 3630 541 3677 habet
556 3631 584 3676 R.
602 3629 700 3688 Joseph
716 3629 742 3674 in
761 3628 820 3674 libri
837 3628 925 3673 statim
934 3626 1056 3671 laudandi
1064 3639 1121 3684 pag.
1133 3636 1197 3684 pan·

133 3702 338 3846 ultimssfflkltqd.
355 3732 441 3780 Minus
458 3735 576 3779 accurate
592 3730 625 3778 M.
641 3731 696 3778 Jo'e'l
713 3731 739 3776 in
757 3730 844 3776 libello
857 3730 888 3775 de
899 3729 976 3787 huJ'us
987 3729 1071 3774 Truct.
1083 3727 1197 3774 fontibus

133 3813 200 3848 anno
282 3813 317 3846 .e
336 3802 380 3848 ito.
