2784 4392
153 360 191 417 14
592 377 761 417 ruscianos

154 547 213 603 Deo
244 546 434 614 delectaberis,
466 550 491 601 el
521 551 547 600 te
571 541 582 574 ¹
614 546 742 619 equitare
761 546 872 619 faeie-m
891 563 978 618 super
999 545 1107 601 excelsa
1127 551 1220 611 terroe,

154 633 180 683 et
209 624 329 698 faciant,
351 632 383 682 ut
404 625 533 682 comedas
553 625 745 682 hoereditatem
767 625 871 682 Jacobi
895 626 1050 698 luiponis,
1072 631 1104 681 at
1125 642 1155 681 os
1175 623 1222 680 Je-

155 707 232 762 hovoe
259 706 386 763 locutum
406 711 453 762 art.
476 703 615 762 Videmus
635 704 744 780 itaque,
766 705 942 779 Prophetam
963 703 1171 779 pro'libertate
1193 707 1222 761 et

156 783 297 842 charitate
318 788 444 842 mentem
464 804 565 841 sanam
585 783 615 841 in
637 803 756 859 corpore
779 804 858 854 sano,
874 784 984 857 Deiqua
999 782 1120 856 gloriam
1135 782 1223 840 etiam

155 869 222 939 post
242 869 363 922 mortem
384 863 570 940 promittere:
591 883 644 939 pro
660 865 838 923 caeremoniis
852 869 940 922 auten
955 863 1028 920 nihil
1041 862 1097 921 nisi
1110 861 1224 937 imperii

156 944 349 1016 securitatem,
382 944 613 1021 prosperitatem,
646 949 675 1001 et
696 944 825 1020 corporis
845 943 1022 1002 felicitatem.
1044 943 1080 1000 In
1100 942 1224 1001 Psahnis

157 1025 204 1082 15.
236 1029 266 1082 et
297 1026 345 1082 24.
377 1026 456 1082 nulla
483 1024 772 1083 fit'caeremoniarum
792 1024 910 1097 mentio,
933 1024 983 1081 sed
1003 1028 1118 1080 tantum
1139 1023 1224 1080 docu-

155 1108 318 1163 mentorum
349 1104 509 1175 moralium,
541 1105 676 1162 nimirum
712 1105 779 1180 qnia
800 1104 831 1162 in
851 1104 886 1162 iis
907 1105 942 1161 de
964 1104 1024 1161 sola
1045 1101 1223 1161 beatitudine

156 1184 262 1258 agitur,
288 1204 378 1260 eaque
399 1187 460 1243 sola
481 1184 660 1261 proponitur,
683 1185 817 1259 quamvis
837 1189 933 1242 tamen
954 1182 1134 1259 parabolice;
1156 1202 1224 1240 nam

156 1269 266 1323 certum
302 1271 354 1335 est,
386 1265 427 1323 ibi
456 1285 509 1341 per
540 1270 667 1322 montom
699 1265 753 1323 Dei
773 1266 893 1340 ejusque
914 1263 1049 1333 tentoria,
1071 1267 1101 1321 et
1121 1263 1224 1321 horum

155 1344 404 1415 inhabitationem,
427 1344 635 1403 beatitudinem
656 1348 686 1402 st
707 1345 795 1402 animi
815 1344 1065 1420 tranquillitatem,
1081 1362 1140 1400 non
1153 1362 1224 1401 vero

155 1429 282 1482 montem
302 1425 513 1499 Hierosolymae
534 1444 629 1501 neque
650 1424 739 1482 Mosis
760 1426 979 1483 tabernaculum
999 1422 1138 1498 intelligi3
1160 1424 1224 1481 haec

157 1504 232 1562 enim
256 1505 319 1562 loca
340 1525 358 1562 a
378 1505 491 1563 nemine
511 1504 761 1571 inhabitabantur,
783 1525 836 1562 nec
854 1504 910 1562 nisi
931 1505 967 1562 ab
988 1503 1033 1574 iis,
1048 1502 1097 1578 qui
1114 1523 1149 1561 ex
1163 1504 1225 1561 sola

157 1583 236 1641 tribu
265 1584 339 1643 Levi
370 1590 462 1655 erant,
494 1584 780 1643 administrabantur.
817 1586 903 1642 Porro
935 1604 1034 1642 omnes
1061 1582 1149 1641 etiam
1169 1582 1225 1641 illae

158 1663 318 1722 Salomonis
352 1664 514 1736 sententiae,
537 1684 608 1739 quas
628 1664 659 1722 in
680 1665 828 1740 superiore
853 1665 953 1740 Capite
975 1663 1069 1733 attuli,
1091 1683 1143 1738 pro
1165 1664 1225 1720 solo

159 1744 238 1801 cultu
266 1744 431 1803 intellectus
459 1749 488 1802 et
519 1744 670 1819 sapientiae
691 1765 793 1803 veram
813 1746 987 1820 promittunt
1007 1743 1223 1812 beatitudinem,

158 1842 260 1899 nempe
281 1826 357 1899 quod
379 1845 415 1882 ex
437 1844 471 1883 ea
492 1826 609 1882 tandem
631 1824 718 1883 timor
739 1825 792 1883 Dei
813 1824 1001 1899 intelligetur,
1023 1829 1053 1882 et
1068 1823 1122 1881 Dei
1136 1823 1225 1881 scien·

157 1903 198 1961 tia
229 1904 402 1963 invenietur.
438 1905 520 1974 Quod
552 1910 648 1962 autem
679 1905 796 1963 Hebraei
825 1910 892 1981 post
927 1905 1105 1962 destructum
1126 1922 1225 1961 eorum

155 1983 308 2060 imperium
319 2005 377 2042 non
388 1989 525 2042 tenentur
536 1985 723 2043 caeremonias
734 2004 878 2054 exercere,
891 1989 972 2061 patet
983 2004 1021 2042 ex
1030 1986 1050 2042 J
1051 1983 1167 2053 cremia,
1177 1982 1226 2058 qui

157 2065 205 2121 ubi
218 2064 297 2122 urbis
308 2064 500 2123 vastationem
511 2084 601 2140 propo
616 2065 726 2123 instare
737 2065 818 2135 vidit,
831 2070 860 2123 et
870 2064 1012 2140 praedicit,
1025 2065 1066 2122 ait
1077 2067 1173 2122 Deum
1182 2082 1226 2121 eos

158 2151 269 2203 tantum
301 2147 426 2221 diliqere,
459 2149 509 2221 qui
541 2148 633 2203 sciunt
664 2153 689 2203 et
719 2147 888 2221 intollipunt,
921 2147 997 2221 quod
1027 2148 1088 2218 ipse
1121 2150 1226 2202 exercet

157 2226 394 2296 misericordium,
420 2227 577 2300 judicium,
611 2234 635 2283 et
662 2229 813 2300 justitium
844 2230 875 2283 in
906 2227 1030 2301 alicnde,-
1051 2227 1174 2299 udeoque
1195 2227 1226 2280 iu

153 2312 303 2378 posterum
325 2324 383 2363 riou
404 2308 461 2363 nisi
483 2324 537 2376 eoa,
561 2307 612 2380 qui
632 2307 691 2363 hoec
714 2312 832 2375 norunt,
855 2308 940 2363 losada
960 2308 1060 2381 dipnos
1081 2307 1225 2361 testimun-

159 2385 210 2442 dos
230 2404 285 2443 ease
307 2385 385 2458 (vide
406 2405 469 2459 cap.
492 2387 519 2443 9.
542 2405 585 2441 vs.
609 2386 678 2459 23),
701 2386 784 2460 quasi
804 2385 921 2455 diceret,
947 2387 1040 2443 Deum
1061 2389 1126 2458 post
1147 2383 1226 2441 urbis

157 2464 352 2523 vastationem
383 2464 455 2523 nihil
486 2464 632 2538 singulare
663 2485 680 2522 a
711 2465 823 2523 Judaeis
854 2466 981 2539 exigere,
1010 2484 1063 2522 nec
1092 2463 1168 2521 aliud
1190 2465 1226 2520 ab

156 2542 258 2602 iisdem
278 2545 309 2603 in
330 2549 476 2620 posterum
497 2549 604 2619 petere,
626 2549 735 2621 praeter
754 2547 848 2619 legem
869 2545 1040 2614 naturalem,
1056 2563 1113 2618 qua
1127 2562 1227 2601 omnes

158 2627 294 2683 mortales
325 2630 470 2684 tenentur.
502 2624 617 2682 Novum
648 2630 789 2700 praterea
820 2626 1037 2682 Testamentum
1059 2625 1112 2681 hoc
1133 2624 1227 2698 ipsum

159 2705 244 2779 plane
275 2706 442 2775 confirmat;
475 2705 506 2763 in
537 2724 571 2762 eo
592 2705 677 2776 enim,
699 2705 742 2763 uti
764 2705 897 2774 diximus,
920 2705 1092 2762 documenta
1113 2709 1227 2762 tantum

93 2782 98 2787 “
158 2784 279 2843 moralia
300 2786 447 2857 docentur,
470 2789 499 2843 et
519 2804 572 2860 pro
593 2785 628 2843 iis
649 2805 771 2860 regnum
793 2786 909 2843 coeleste
929 2783 1116 2859 promittitur,
1136 2802 1226 2841 caera·

158 2864 269 2924 monias
300 2870 405 2935 autem,
433 2871 586 2941 postquam
606 2864 798 2940 Euangelium
819 2865 883 2922 aliis
904 2864 991 2923 etiam
1013 2864 1156 2938 gentibus,
1179 2862 1228 2937 qui

159 2944 278 3003 alterius
308 2945 483 3021 Reipublicae
512 2947 577 3021 jure
609 2948 792 3016 tenebantur,
814 2944 967 3021 praedicari
986 2944 1103 3019 incepit,
1125 2943 1228 3002 missas

158 3024 290 3083 fecerunt
311 3026 459 3100 Apostoli3
482 3029 557 3101 quod
579 3032 675 3084 autem
696 3026 839 3084 Pharisaei
853 3030 919 3101 post
930 3024 1066 3083 amissum
1076 3023 1228 3099 imperium

161 3123 219 3174 eas,
252 3109 303 3162 aut
334 3106 436 3163 saltem
457 3127 595 3181 magnam
616 3126 715 3164 earum
737 3111 858 3181 partem,
880 3104 1062 3174 retinuerint,
1083 3105 1110 3161 id
1134 3102 1228 3177 magis

160 3182 255 3242 auimo
290 3184 462 3243 Christianis
496 3185 678 3256 adversandi,
715 3206 799 3260 quam
831 3188 892 3243 Deo
924 3184 1056 3259 placendi
1087 3185 1226 3241 fecerunt.

160 3263 234 3321 Nam
264 3268 330 3339 post
361 3265 483 3339 primam
509 3267 589 3324 urbis
609 3266 812 3336 vastationem,
835 3286 898 3323 cum
920 3265 1098 3339 Babylonem
1120 3262 1227 3338 captivi

159 3344 238 3402 ducti
258 3344 385 3416 fuerunt,
407 3345 475 3419 quia
495 3351 557 3404 turn
577 3345 607 3403 in
628 3349 723 3403 sectas
743 3366 801 3403 non
823 3350 915 3414 erant,
931 3345 1006 3419 quod
1022 3344 1119 3413 sciam,
1133 3343 1226 3413 divisi,

159 3424 258 3481 statim
279 3425 464 3483 caeremonias
485 3427 686 3500 neglexerunt,
701 3426 758 3483 imo
773 3425 827 3482 toti
841 3425 899 3499 legi
913 3424 1004 3482 hlosis
1015 3424 1226 3494 valedixerunt,

74 3500 77 3507 ’
159 3505 319 3579 patriaeque
340 3506 408 3580 jura
429 3506 573 3576 oblivioni,
597 3511 629 3563 ut
650 3507 735 3581 plane
757 3506 910 3580 superflua,
933 3505 1123 3575 tradiderunt,
1146 3505 1227 3560 etse

160 3604 225 3641 cum
253 3586 365 3643 caeteris
385 3585 551 3644 nationibus
571 3585 730 3643 immiscere
751 3586 929 3660 inceperunt,
952 3590 985 3642 ut
1005 3604 1040 3642 ex
1061 3585 1177 3641 Hezdra
1199 3588 1229 3640 et

160 3664 299 3723 Nehcmia
329 3665 401 3724 satis
432 3686 576 3742 superque
604 3671 727 3723 constat.
751 3666 845 3735 Quare
867 3685 925 3722 non
946 3664 1063 3722 dubium
1083 3669 1137 3735 est,
1159 3663 1229 3740 quin

194 3844 202 3871 1
222 3841 355 3900 Significat
371 3844 514 3903 imperium,
532 3845 653 3901 tanquam
670 3856 764 3901 equum
783 3842 861 3887 fraeno
879 3845 973 3888 tenere.
