2784 4392
199 341 237 398 32
295 356 297 359 ·
650 357 819 397 reserares

198 526 346 585 hominum
373 531 493 601 peccata
522 525 649 585 sterilem
679 544 750 596 esse,
783 530 834 582 aut
853 525 929 600 quod
950 523 1020 584 coeci
1040 545 1078 583 ex
1098 526 1154 584 fide
1175 547 1260 585 sana·

197 609 312 677 bantur,
344 626 379 665 ea
409 627 462 665 nos
492 627 551 665 non
570 605 664 680 magis
683 624 800 664 movere
820 606 933 676 debent,
956 625 1042 681 quam
1063 626 1127 665 cum
1149 612 1259 683 narrat,

196 687 289 745 Deum
310 692 429 763 propter
445 686 592 745 hominum
605 690 726 762 peecata
739 684 833 756 irasci,
847 684 1022 755 contristari,
1036 687 1178 761 poenitere
1191 687 1261 745 boni

196 766 330 842 promissi
361 771 390 825 et
420 766 498 836 facti,
531 771 582 825 aut
612 767 687 842 quod
715 767 802 836 Deus,
825 784 862 823 ex
883 785 916 823 eo
937 765 1013 840 quod
1034 766 1148 840 signum
1170 767 1261 836 videt,

197 846 327 922 promissi
358 847 533 919 recordetur,
565 851 595 905 et
615 846 672 904 alia
691 845 875 922 perplurima,
897 865 963 921 quea
985 846 1032 903 vel
1051 846 1162 922 poetice
1184 846 1261 906 dicta

197 932 273 998 sunt,
305 926 352 986 vel
382 927 538 985 secundum
569 926 724 1002 Scriptoris
751 925 900 1001 opiniones
920 930 950 983 et
971 925 1138 1001 praejudicia
1157 927 1261 985 relata.

198 1008 294 1077 Quare
317 1006 365 1065 hic
385 1006 515 1065 absolute
535 1007 739 1077 concludimus,
761 1005 865 1075 omnia,
887 1024 951 1081 quae
972 1006 1002 1063 in
1024 1005 1171 1081 Scriptura
1191 1027 1262 1065 vere

197 1093 355 1145 narrantur
384 1087 548 1162 contigisse,
580 1107 615 1145 ea
645 1086 801 1145 secundum
830 1086 910 1160 leges
936 1085 1066 1157 Naturae,
1095 1091 1128 1145 ut
1156 1087 1260 1158 omnia,

198 1167 359 1226 necessario
390 1167 560 1242 contigisse3
593 1172 623 1225 et
654 1166 680 1225 si
712 1165 779 1242 quid
807 1165 976 1241 reperiatur,
1006 1166 1082 1241 quod
1103 1166 1263 1242 apodictica

198 1247 389 1306 demonstrari
401 1252 497 1323 potest
512 1247 625 1323 legibus
638 1247 758 1305 Naturae
773 1265 945 1321 repugnare,
961 1251 1012 1304 aut
1026 1266 1063 1304 ex
1076 1246 1111 1304 iis
1125 1247 1261 1321 consequi

198 1348 256 1386 non
275 1327 411 1403 potuisse,
433 1328 519 1403 plane
539 1327 721 1396 credendum,
742 1325 771 1384 id
793 1346 810 1383 a
828 1326 976 1401 sacrilegis
989 1326 1152 1385 hominibus
1166 1327 1264 1385 Sacris

198 1407 303 1466 Litoris
330 1409 474 1482 adjectum
494 1407 591 1466 fuisse.
615 1406 756 1482 Quicquid
777 1406 852 1464 enim
874 1412 976 1464 contra
996 1406 1137 1464 Naturam
1158 1412 1211 1477 est,
1232 1407 1262 1465 id

199 1493 300 1546 contra
331 1488 482 1548 Rationem
513 1493 573 1557 est;
605 1493 635 1545 et
655 1488 731 1562 quod
752 1491 854 1545 contra
874 1486 1035 1558 Rationem,
1056 1487 1085 1544 id
1107 1488 1262 1546 absurdum

198 1573 250 1636 est,
273 1588 307 1626 ac
327 1568 447 1643 proinde
468 1567 554 1626 etiam
575 1568 769 1626 refutandum.

239 1648 376 1724 Superest
393 1648 454 1722 jam
474 1652 597 1717 tantum,
618 1667 712 1723 pauca
732 1647 827 1706 adhuc
847 1647 882 1704 de
903 1646 1104 1705 miraculorum
1121 1647 1261 1723 interpre-

198 1728 308 1786 tatione
336 1733 446 1798 notare,
467 1729 514 1786 vel
534 1727 631 1803 potius
651 1727 819 1801 recolligere
841 1729 919 1799 (nam
939 1726 1087 1803 praecipua
1104 1728 1165 1803 jam
1186 1729 1265 1786 dicta

198 1812 287 1882 sunt),
315 1812 345 1866 et
373 1829 430 1867 uno
457 1814 508 1866 aut
535 1809 626 1866 altero
654 1808 785 1883 exemplo
811 1806 965 1872 illustrare,
994 1808 1071 1883 quod
1092 1808 1139 1865 hic
1160 1816 1265 1884 quarto

198 1889 293 1946 facere
322 1888 456 1964 promisi;
483 1887 568 1963 idque
599 1894 754 1964 propterea
780 1888 854 1956 volo,
876 1887 1005 1962 nequis,
1027 1887 1194 1946 miraculum
1215 1888 1264 1946 ali·

198 1969 274 2043 quod
295 1969 369 2026 male
389 1968 616 2044 interpretando,
638 1972 746 2026 temere
766 1967 936 2043 suspicetur,
958 1987 989 2025 se
1003 1967 1111 2042 aliquid
1125 1968 1155 2025 in
1172 1967 1266 2043 Scrip-

199 2052 265 2105 tura
296 2047 444 2123 reperisse,
475 2048 550 2123 quod
577 2048 678 2105 lumini
698 2047 818 2106 Naturae
839 2052 991 2122 repugnet.
1013 2048 1090 2105 Raro
1112 2048 1264 2106 admodum

199 2128 240 2199 fit,
262 2133 295 2186 ut
316 2128 445 2187 homines
463 2148 523 2187 rem
537 2127 672 2203 aliquam,
687 2132 721 2185 ut
734 2133 818 2203 gesta
831 2132 884 2197 est,
899 2127 941 2185 ita
955 2126 1122 2203 simpliciter
1135 2135 1266 2198 narrent,

199 2213 232 2265 ut
252 2208 323 2265 nihil
344 2209 388 2267 sui
408 2208 515 2267 Judicii
535 2207 695 2266 narrationi
708 2207 895 2266 immisceant.
910 2207 980 2272 imo,
997 2227 1062 2265 cum
1074 2207 1180 2282 aliquid
1195 2208 1264 2266 novi

200 2287 299 2345 vident
320 2294 371 2346 aut
391 2287 520 2357 audiunt,
548 2287 603 2345 nisi
617 2288 741 2346 maxime
755 2308 773 2345 a
787 2287 846 2346 suis
859 2287 1068 2363 praeoonceptis
1083 2287 1265 2363 opinionibus

198 2371 330 2436 caveant,
361 2367 397 2426 iis
426 2368 594 2442 plerumque
624 2367 666 2426 ita
693 2370 981 2443 praeoccupabuntur‚
1012 2373 1044 2425 ut
1072 2368 1156 2442 plane
1177 2369 1265 2438 aliud,

197 2467 281 2522 quam
304 2448 378 2521 quod
400 2447 508 2519 vident,
523 2452 575 2505 aut
588 2448 744 2523 contigisse
759 2448 888 2518 audiunt,
903 2447 1080 2523 percipiant;
1101 2448 1263 2523 praesertim

198 2527 223 2585 si
247 2547 294 2585 res
314 2532 381 2586 acta
400 2533 517 2603 captum
538 2528 684 2586 narrantis
706 2533 757 2586 aut
777 2527 920 2586 audientis
940 2533 1119 2603 superstet
1140 2529 1265 2586 maxime

198 2606 221 2664 si
244 2608 280 2665 ad
302 2607 363 2682 ejus
377 2627 444 2666 -rem
465 2608 581 2674 referat,
602 2614 635 2666 ut
654 2608 718 2684 ipsa
739 2612 818 2666 certo
839 2608 923 2665 modo
944 2607 1104 2682 contingat.
1126 2608 1203 2666 Hinc
1220 2609 1263 2679 fit,

197 2691 230 2744 ut
253 2687 383 2746 homines
402 2687 433 2746 in
454 2688 513 2746 suis
533 2687 682 2747 Chronicis
703 2693 733 2747 et
753 2687 881 2746 historiis
901 2687 994 2762 magis
1015 2708 1082 2746 suas
1103 2687 1259 2763 opiniones,

197 2787 283 2843 quam
313 2788 360 2826 res
389 2767 467 2844 ipsas
498 2774 579 2827 actas
609 2774 742 2840 narrent;
774 2773 804 2826 et
830 2773 864 2826 ut
890 2788 965 2826 unus
985 2767 1117 2842 idemque
1138 2788 1223 2826 casus
1243 2788 1262 2826 a

197 2848 308 2906 duobus
337 2848 508 2920 hominibus,
540 2848 589 2924 qui
620 2849 750 2908 diversas
778 2849 886 2906 habent
907 2847 1063 2923 opiniones,
1085 2847 1126 2905 ita
1148 2847 1262 2907 diverse

198 2933 340 2998 narretur,
371 2934 404 2988 ut
434 2949 493 2988 non
523 2929 579 2987 nisi
610 2930 645 2987 de
676 2930 787 2988 duobus
807 2928 921 2987 casibus
941 2929 1019 3004 loqui
1040 2928 1208 3000 videantur3
1231 2933 1262 2985 et

197 3008 320 3083 denique
351 3014 384 3069 ut
414 3029 492 3085 saepe
522 3029 581 3067 non
608 3009 762 3068 admodum
783 3008 897 3066 difficile
918 3008 964 3080 sit,
987 3028 1023 3066 ex
1044 3008 1113 3066 solis
1133 3007 1263 3066 historiis

197 3088 346 3163 opiniones
376 3089 590 3165 chronographi
622 3094 650 3146 et
680 3088 810 3147 historici
829 3088 1017 3162 investigare.
1040 3089 1085 3146 Ad
1107 3089 1171 3146 haec
1192 3108 1262 3147 con-

196 3168 368 3226 firmandum
402 3170 493 3228 multa
528 3169 641 3227 adferre
675 3188 797 3243 possem,
833 3173 893 3226 tam
927 3167 1177 3244 Philosophorum,
1212 3168 1262 3243 qui

197 3247 348 3306 historiam
367 3248 488 3307 Naturae
509 3248 695 3324 scripserunt,
711 3268 796 3323 quam
810 3247 1104 3323 chronographorum
1118 3248 1261 3323 exempla,

198 3327 253 3385 nisi
286 3327 316 3386 id
347 3330 522 3404 superfluum
553 3327 764 3398 existimarem
797 3347 834 3384 ex
865 3327 954 3385 Sacra
984 3333 1080 3386 autem
1112 3329 1263 3404 Scriptura

198 3427 286 3466 unum
306 3412 420 3466 tantum
440 3409 577 3480 adferam,
600 3408 635 3466 de
655 3406 772 3483 reliquis
791 3407 897 3465 Lector
913 3406 975 3482 ipse
986 3408 1105 3482 judicet.
1121 3409 1262 3484 Tempore

197 3489 297 3546 Josuae
318 3487 437 3547 Hebraei
457 3489 501 3562 (ut
519 3488 580 3562 jam
599 3507 687 3562 supra
707 3486 879 3559 monuimus)
900 3507 965 3545 cum
986 3488 1074 3562 vulgo
1094 3489 1261 3557 credebant,

197 3568 286 3627 solem
306 3573 395 3639 motu,
418 3572 450 3626 ut
471 3572 586 3638 vocant,
607 3567 710 3626 diurno
731 3566 849 3637 moveri,
864 3572 973 3626 terram
987 3572 1084 3626 autem
1098 3568 1261 3644 quiescere;

198 3652 228 3706 et
258 3648 325 3706 huic
355 3651 564 3723 praeconceptae
596 3647 723 3722 opinioni
753 3646 929 3718 miraculum,
962 3649 1037 3724 quod
1068 3648 1104 3706 iis
1129 3647 1260 3724 contigit,

198 3747 264 3785 cum
294 3733 395 3786 contra
420 3726 546 3803 quinque
566 3727 630 3786 illos
650 3748 735 3804 reges
755 3733 929 3805 pugnarent,
951 3730 1174 3805 adaptaverunt.
1195 3727 1261 3787 Non

199 3806 275 3865 enim
295 3806 462 3881 simpliciter
482 3813 684 3879 narraverunt,
706 3808 781 3867 diem
798 3809 878 3867 illum
892 3809 975 3868 solito
990 3809 1148 3885 longiorem
1162 3807 1260 3879 fuisse,

1377 3808 1387 3862 l
