<?xml version="1.0" encoding="UTF-8"?>
<!DOCTYPE html PUBLIC "-//W3C//DTD XHTML 1.0 Transitional//EN"
    "http://www.w3.org/TR/xhtml1/DTD/xhtml1-transitional.dtd">
<html xmlns="http://www.w3.org/1999/xhtml" xml:lang="en" lang="en">
 <head>
  <title>
</title>
<meta http-equiv="Content-Type" content="text/html;charset=utf-8" />
  <meta name='ocr-system' content='tesseract 3.04.00' />
  <meta name='ocr-capabilities' content='ocr_page ocr_carea ocr_par ocr_line ocrx_word'/>
</head>
<body>
  <div class='ocr_page' id='page_1' title='image "benedictidespin01landgoog_0012.png"; bbox 0 0 2784 4392; ppageno 0'>
   <div class='ocr_carea' id='block_1_1' title="bbox 190 373 223 411">
    <p class='ocr_par' dir='ltr' id='par_1_1' title="bbox 190 373 223 411">
     <span class='ocr_line' id='line_1_1' title="bbox 190 373 223 411; baseline 0 0"><span class='ocrx_word' id='word_1_1' title='bbox 190 373 223 411; x_wconf 86' lang='lat' dir='ltr'><strong>Vl</strong></span> 
     </span>
    </p>
   </div>
   <div class='ocr_carea' id='block_1_2' title="bbox 188 541 1261 943">
    <p class='ocr_par' dir='ltr' id='par_1_2' title="bbox 188 541 1261 724">
     <span class='ocr_line' id='line_1_2' title="bbox 189 541 1261 619; baseline 0.006 -19"><span class='ocrx_word' id='word_1_2' title='bbox 189 546 250 600; x_wconf 89' lang='lat' dir='ltr'><strong>tam</strong></span> <span class='ocrx_word' id='word_1_3' title='bbox 270 542 305 600; x_wconf 86' lang='lat' dir='ltr'><strong>de</strong></span> <span class='ocrx_word' id='word_1_4' title='bbox 326 544 412 601; x_wconf 91' lang='lat' dir='ltr'><strong>rebus</strong></span> <span class='ocrx_word' id='word_1_5' title='bbox 433 541 538 618; x_wconf 88' lang='lat' dir='ltr'><strong>opticis</strong></span> <span class='ocrx_word' id='word_1_6' title='bbox 559 561 645 618; x_wconf 90' lang='lat' dir='ltr'><strong>quam</strong></span> <span class='ocrx_word' id='word_1_7' title='bbox 665 542 870 619; x_wconf 83' lang='lat' dir='ltr'><strong>philosophicis</strong></span> <span class='ocrx_word' id='word_1_8' title='bbox 887 543 982 619; x_wconf 77' lang='lat' dir='ltr'><strong>egisse</strong></span> <span class='ocrx_word' id='word_1_9' title='bbox 997 550 1111 604; x_wconf 90' lang='lat' dir='ltr'><strong>constet</strong></span> <span class='ocrx_word' id='word_1_10' title='bbox 1126 544 1145 618; x_wconf 86' lang='lat'><strong>¹,</strong></span> <span class='ocrx_word' id='word_1_11' title='bbox 1161 547 1261 606; x_wconf 82' lang='lat' dir='ltr'><strong>atalia</strong></span> 
     </span>
     <span class='ocr_line' id='line_1_3' title="bbox 188 648 919 724; baseline 0.004 -18"><span class='ocrx_word' id='word_1_12' title='bbox 188 648 220 706; x_wconf 91' lang='lat' dir='ltr'><strong>in</strong></span> <span class='ocrx_word' id='word_1_13' title='bbox 240 648 429 724; x_wconf 81' lang='lat' dir='ltr'><strong>autographis</strong></span> <span class='ocrx_word' id='word_1_14' title='bbox 449 649 763 708; x_wconf 86' lang='lat' dir='ltr'><strong>Amstelodamensibus</strong></span> <span class='ocrx_word' id='word_1_15' title='bbox 791 655 919 710; x_wconf 88' lang='lat' dir='ltr'><strong>servata.</strong></span> 
     </span>
    </p>

    <p class='ocr_par' dir='ltr' id='par_1_3' title="bbox 189 755 1261 943">
     <span class='ocr_line' id='line_1_4' title="bbox 229 755 1260 835; baseline 0.005 -21"><span class='ocrx_word' id='word_1_16' title='bbox 229 757 348 827; x_wconf 86' lang='lat' dir='ltr'><strong>Deinde,</strong></span> <span class='ocrx_word' id='word_1_17' title='bbox 376 775 464 831; x_wconf 90' lang='lat' dir='ltr'><strong>quum</strong></span> <span class='ocrx_word' id='word_1_18' title='bbox 485 756 529 815; x_wconf 90' lang='lat' dir='ltr'><strong>hae</strong></span> <span class='ocrx_word' id='word_1_19' title='bbox 549 755 685 831; x_wconf 79' lang='lat' dir='ltr'><strong>Epistola</strong></span> <span class='ocrx_word' id='word_1_20' title='bbox 706 776 764 814; x_wconf 89' lang='lat' dir='ltr'><strong>uon</strong></span> <span class='ocrx_word' id='word_1_21' title='bbox 786 762 845 815; x_wconf 88' lang='lat' dir='ltr'><strong>tam</strong></span> <span class='ocrx_word' id='word_1_22' title='bbox 870 758 988 817; x_wconf 92' lang='lat' dir='ltr'><strong>valeant</strong></span> <span class='ocrx_word' id='word_1_23' title='bbox 1010 759 1047 817; x_wconf 90' lang='lat' dir='ltr'><strong>ad</strong></span> <span class='ocrx_word' id='word_1_24' title='bbox 1069 759 1199 835; x_wconf 82' lang='lat' dir='ltr'><strong>Spinozae</strong></span> <span class='ocrx_word' id='word_1_25' title='bbox 1220 761 1260 818; x_wconf 85' lang='lat' dir='ltr'><strong>f-</strong></span> 
     </span>
     <span class='ocr_line' id='line_1_5' title="bbox 189 862 1261 943; baseline 0.005 -23"><span class='ocrx_word' id='word_1_26' title='bbox 189 862 315 921; x_wconf 91' lang='lat' dir='ltr'><strong>miliares</strong></span> <span class='ocrx_word' id='word_1_27' title='bbox 345 862 559 938; x_wconf 83' lang='lat' dir='ltr'><strong>cognoscendos</strong></span> <span class='ocrx_word' id='word_1_28' title='bbox 593 882 678 938; x_wconf 89' lang='lat' dir='ltr'><strong>quam</strong></span> <span class='ocrx_word' id='word_1_29' title='bbox 709 864 746 921; x_wconf 89' lang='lat' dir='ltr'><strong>ad</strong></span> <span class='ocrx_word' id='word_1_30' title='bbox 777 863 927 939; x_wconf 82' lang='lat' dir='ltr'><strong>opiniones</strong></span> <span class='ocrx_word' id='word_1_31' title='bbox 948 864 1161 941; x_wconf 67' lang='lat' dir='ltr'><strong>intelligendas</strong></span> <span class='ocrx_word' id='word_1_32' title='bbox 1188 886 1261 943; x_wconf 89' lang='lat' dir='ltr'><strong>quas</strong></span> 
     </span>
    </p>
   </div>
   <div class='ocr_carea' id='block_1_3' title="bbox 190 968 1363 1045">
    <p class='ocr_par' dir='ltr' id='par_1_4' title="bbox 190 968 1363 1045">
     <span class='ocr_line' id='line_1_6' title="bbox 190 968 1363 1045; baseline 0.003 -17"><span class='ocrx_word' id='word_1_33' title='bbox 190 968 276 1028; x_wconf 87' lang='lat' dir='ltr'><strong>certis</strong></span> <span class='ocrx_word' id='word_1_34' title='bbox 296 968 473 1045; x_wconf 78' lang='lat' dir='ltr'><strong>temporibus</strong></span> <span class='ocrx_word' id='word_1_35' title='bbox 492 968 553 1045; x_wconf 87' lang='lat' dir='ltr'><strong>ipse</strong></span> <span class='ocrx_word' id='word_1_36' title='bbox 574 969 780 1040; x_wconf 78' lang='lat' dir='ltr'><strong>enuntiaverit,</strong></span> <span class='ocrx_word' id='word_1_37' title='bbox 813 990 913 1029; x_wconf 92' lang='lat' dir='ltr'><strong>earum</strong></span> <span class='ocrx_word' id='word_1_38' title='bbox 935 971 1065 1030; x_wconf 87' lang='lat' dir='ltr'><strong>ordinem</strong></span> <span class='ocrx_word' id='word_1_39' title='bbox 1084 972 1127 1031; x_wconf 85' lang='lat' dir='ltr'><strong>ita</strong></span> <span class='ocrx_word' id='word_1_40' title='bbox 1147 978 1261 1032; x_wconf 90' lang='lat' dir='ltr'><strong>mutare</strong></span> <span class='ocrx_word' id='word_1_41' title='bbox 1362 968 1363 1021; x_wconf 82' lang='lat'><em>]</em></span> 
     </span>
    </p>
   </div>
   <div class='ocr_carea' id='block_1_4' title="bbox 190 1076 1261 1367">
    <p class='ocr_par' dir='ltr' id='par_1_5' title="bbox 190 1076 1261 1367">
     <span class='ocr_line' id='line_1_7' title="bbox 190 1076 1260 1155; baseline 0.004 -21"><span class='ocrx_word' id='word_1_42' title='bbox 190 1076 282 1135; x_wconf 81' lang='lat' dir='ltr'><strong>vIsum</strong></span> <span class='ocrx_word' id='word_1_43' title='bbox 310 1081 363 1147; x_wconf 89' lang='lat' dir='ltr'><strong>est,</strong></span> <span class='ocrx_word' id='word_1_44' title='bbox 392 1082 425 1135; x_wconf 90' lang='lat' dir='ltr'><strong>ut</strong></span> <span class='ocrx_word' id='word_1_45' title='bbox 445 1078 500 1135; x_wconf 91' lang='lat' dir='ltr'><strong>hoc</strong></span> <span class='ocrx_word' id='word_1_46' title='bbox 519 1076 659 1153; x_wconf 87' lang='lat' dir='ltr'><strong>imprimis</strong></span> <span class='ocrx_word' id='word_1_47' title='bbox 679 1077 865 1137; x_wconf 89' lang='lat' dir='ltr'><strong>manifestum</strong></span> <span class='ocrx_word' id='word_1_48' title='bbox 887 1079 979 1137; x_wconf 87' lang='lat' dir='ltr'><strong>fieret.</strong></span> <span class='ocrx_word' id='word_1_49' title='bbox 1014 1079 1050 1137; x_wconf 91' lang='lat' dir='ltr'><strong>In</strong></span> <span class='ocrx_word' id='word_1_50' title='bbox 1071 1099 1128 1155; x_wconf 89' lang='lat' dir='ltr'><strong>qua</strong></span> <span class='ocrx_word' id='word_1_51' title='bbox 1148 1100 1180 1138; x_wconf 90' lang='lat' dir='ltr'><strong>re</strong></span> <span class='ocrx_word' id='word_1_52' title='bbox 1201 1080 1260 1138; x_wconf 89' lang='lat' dir='ltr'><strong>dis-</strong></span> 
     </span>
     <span class='ocr_line' id='line_1_8' title="bbox 190 1183 1261 1260; baseline 0.005 -19"><span class='ocrx_word' id='word_1_53' title='bbox 190 1183 361 1242; x_wconf 85' lang='lat' dir='ltr'><strong>sentientem</strong></span> <span class='ocrx_word' id='word_1_54' title='bbox 391 1204 461 1242; x_wconf 90' lang='lat' dir='ltr'><strong>sane</strong></span> <span class='ocrx_word' id='word_1_55' title='bbox 491 1185 630 1243; x_wconf 92' lang='lat' dir='ltr'><strong>habemus</strong></span> <span class='ocrx_word' id='word_1_56' title='bbox 651 1184 847 1243; x_wconf 87' lang='lat' dir='ltr'><strong>doctissimum</strong></span> <span class='ocrx_word' id='word_1_57' title='bbox 870 1186 999 1260; x_wconf 83' lang='lat' dir='ltr'><strong>Anglum</strong></span> <span class='ocrx_word' id='word_1_58' title='bbox 1021 1188 1162 1245; x_wconf 86' lang='lat' dir='ltr'><strong>Jacobum</strong></span> <span class='ocrx_word' id='word_1_59' title='bbox 1184 1189 1261 1246; x_wconf 89' lang='lat' dir='ltr'><strong>Mar·</strong></span> 
     </span>
     <span class='ocr_line' id='line_1_9' title="bbox 190 1289 1260 1367; baseline 0.003 -20"><span class='ocrx_word' id='word_1_60' title='bbox 190 1289 297 1361; x_wconf 78' lang='lat' dir='ltr'><strong>timeon,</strong></span> <span class='ocrx_word' id='word_1_61' title='bbox 330 1290 378 1365; x_wconf 93' lang='lat' dir='ltr'><strong>qui</strong></span> <span class='ocrx_word' id='word_1_62' title='bbox 408 1290 567 1366; x_wconf 83' lang='lat' dir='ltr'><strong>Epistolam</strong></span> <span class='ocrx_word' id='word_1_63' title='bbox 597 1290 627 1348; x_wconf 93' lang='lat' dir='ltr'><strong>in</strong></span> <span class='ocrx_word' id='word_1_64' title='bbox 657 1296 758 1349; x_wconf 89' lang='lat' dir='ltr'><strong>nostra</strong></span> <span class='ocrx_word' id='word_1_65' title='bbox 790 1291 915 1349; x_wconf 90' lang='lat' dir='ltr'><strong>editione</strong></span> <span class='ocrx_word' id='word_1_66' title='bbox 944 1292 1042 1349; x_wconf 88' lang='lat' dir='ltr'>XLIII</span> <span class='ocrx_word' id='word_1_67' title='bbox 1063 1297 1131 1367; x_wconf 89' lang='lat' dir='ltr'><strong>post</strong></span> <span class='ocrx_word' id='word_1_68' title='bbox 1151 1294 1260 1350; x_wconf 86' lang='lat' dir='ltr'>LXXV</span> 
     </span>
    </p>
   </div>
   <div class='ocr_carea' id='block_1_5' title="bbox 192 1394 1363 1474">
    <p class='ocr_par' dir='ltr' id='par_1_6' title="bbox 192 1394 1363 1474">
     <span class='ocr_line' id='line_1_10' title="bbox 192 1394 1363 1474; baseline 0.003 -20"><span class='ocrx_word' id='word_1_69' title='bbox 192 1395 328 1471; x_wconf 83' lang='lat' dir='ltr'><strong>scriptam</strong></span> <span class='ocrx_word' id='word_1_70' title='bbox 360 1416 423 1455; x_wconf 86' lang='lat' dir='ltr'><strong>esse</strong></span> <span class='ocrx_word' id='word_1_71' title='bbox 451 1397 583 1472; x_wconf 90' lang='lat' dir='ltr'><strong>perhibet</strong></span> <span class='ocrx_word' id='word_1_72' title='bbox 601 1394 620 1455; x_wconf 75' lang='lat'><strong>².</strong></span> <span class='ocrx_word' id='word_1_73' title='bbox 655 1397 697 1454; x_wconf 86' lang='lat' dir='ltr'><strong>At</strong></span> <span class='ocrx_word' id='word_1_74' title='bbox 716 1397 747 1453; x_wconf 92' lang='lat' dir='ltr'><strong>in</strong></span> <span class='ocrx_word' id='word_1_75' title='bbox 769 1397 895 1471; x_wconf 91' lang='lat' dir='ltr'><strong>Operum</strong></span> <span class='ocrx_word' id='word_1_76' title='bbox 916 1398 1139 1456; x_wconf 89' lang='lat' dir='ltr'><strong>Posthumorum</strong></span> <span class='ocrx_word' id='word_1_77' title='bbox 1161 1401 1261 1474; x_wconf 83' lang='lat' dir='ltr'><strong>praefa·</strong></span> <span class='ocrx_word' id='word_1_78' title='bbox 1362 1400 1363 1445; x_wconf 64' lang='grc' dir='ltr'>ἒ</span> 
     </span>
    </p>
   </div>
   <div class='ocr_carea' id='block_1_6' title="bbox 191 1502 1363 1683">
    <p class='ocr_par' dir='ltr' id='par_1_7' title="bbox 191 1502 1363 1683">
     <span class='ocr_line' id='line_1_11' title="bbox 191 1502 1363 1578; baseline -0.003 -17"><span class='ocrx_word' id='word_1_79' title='bbox 191 1502 270 1561; x_wconf 91' lang='lat' dir='ltr'><strong>tione</strong></span> <span class='ocrx_word' id='word_1_80' title='bbox 290 1503 352 1561; x_wconf 85' lang='lat' dir='ltr'><strong>haeo</strong></span> <span class='ocrx_word' id='word_1_81' title='bbox 371 1503 508 1578; x_wconf 81' lang='lat' dir='ltr'><strong>legimus:</strong></span> <span class='ocrx_word' id='word_1_82' title='bbox 548 1503 698 1578; x_wconf 75' lang='lat' dir='ltr'><strong>„Epistola</strong></span> <span class='ocrx_word' id='word_1_83' title='bbox 721 1502 752 1559; x_wconf 92' lang='lat' dir='ltr'><strong>in</strong></span> <span class='ocrx_word' id='word_1_84' title='bbox 773 1502 901 1559; x_wconf 90' lang='lat' dir='ltr'><strong>ordinem</strong></span> <span class='ocrx_word' id='word_1_85' title='bbox 925 1507 998 1560; x_wconf 89' lang='lat' dir='ltr'><strong>sunt</strong></span> <span class='ocrx_word' id='word_1_86' title='bbox 1018 1504 1142 1562; x_wconf 83' lang='lat' dir='ltr'><strong>redaotae</strong></span> <span class='ocrx_word' id='word_1_87' title='bbox 1166 1550 1172 1563; x_wconf 94' lang='lat'><strong>.</strong></span> <span class='ocrx_word' id='word_1_88' title='bbox 1196 1551 1202 1563; x_wconf 86' lang='lat'><strong>.</strong></span> <span class='ocrx_word' id='word_1_89' title='bbox 1224 1550 1231 1562; x_wconf 90' lang='lat'><strong>.</strong></span> <span class='ocrx_word' id='word_1_90' title='bbox 1254 1550 1261 1563; x_wconf 90' lang='lat'><strong>.</strong></span> <span class='ocrx_word' id='word_1_91' title='bbox 1362 1532 1363 1573; x_wconf 81' lang='lat'>3</span> 
     </span>
     <span class='ocr_line' id='line_1_12' title="bbox 197 1607 1363 1683; baseline 0.002 -16"><span class='ocrx_word' id='word_1_92' title='bbox 197 1608 296 1683; x_wconf 77' lang='lat' dir='ltr'><strong>„juxta</strong></span> <span class='ocrx_word' id='word_1_93' title='bbox 325 1611 455 1683; x_wconf 86' lang='lat' dir='ltr'><strong>tempora</strong></span> <span class='ocrx_word' id='word_1_94' title='bbox 485 1607 516 1666; x_wconf 90' lang='lat' dir='ltr'><strong>in</strong></span> <span class='ocrx_word' id='word_1_95' title='bbox 546 1607 648 1682; x_wconf 87' lang='lat' dir='ltr'><strong>quibus</strong></span> <span class='ocrx_word' id='word_1_96' title='bbox 677 1612 805 1666; x_wconf 74' lang='lat' dir='ltr'><strong>exaratae</strong></span> <span class='ocrx_word' id='word_1_97' title='bbox 836 1612 924 1667; x_wconf 87' lang='lat' dir='ltr'><strong>sunt:</strong></span> <span class='ocrx_word' id='word_1_98' title='bbox 960 1628 993 1667; x_wconf 91' lang='lat' dir='ltr'><strong>ea</strong></span> <span class='ocrx_word' id='word_1_99' title='bbox 1025 1613 1122 1668; x_wconf 89' lang='lat' dir='ltr'><strong>tamen</strong></span> <span class='ocrx_word' id='word_1_100' title='bbox 1148 1611 1262 1669; x_wconf 89' lang='lat' dir='ltr'><strong>ratione</strong></span> <span class='ocrx_word' id='word_1_101' title='bbox 1362 1638 1363 1669; x_wconf 68' lang='lat' dir='ltr'><strong>l</strong></span> 
     </span>
    </p>
   </div>
   <div class='ocr_carea' id='block_1_7' title="bbox 193 1713 1263 2218">
    <p class='ocr_par' dir='ltr' id='par_1_8' title="bbox 193 1713 1263 2218">
     <span class='ocr_line' id='line_1_13' title="bbox 196 1713 1263 1790; baseline 0.003 -18"><span class='ocrx_word' id='word_1_102' title='bbox 196 1715 351 1787; x_wconf 75' lang='lat' dir='ltr'><strong>„ordinatae</strong></span> <span class='ocrx_word' id='word_1_103' title='bbox 382 1720 450 1773; x_wconf 90' lang='lat' dir='ltr'><strong>sunt</strong></span> <span class='ocrx_word' id='word_1_104' title='bbox 480 1720 513 1773; x_wconf 90' lang='lat' dir='ltr'><strong>ut</strong></span> <span class='ocrx_word' id='word_1_105' title='bbox 543 1734 641 1772; x_wconf 88' lang='lat' dir='ltr'><strong>omnes</strong></span> <span class='ocrx_word' id='word_1_106' title='bbox 672 1714 799 1789; x_wconf 87' lang='lat' dir='ltr'><strong>ejusdem</strong></span> <span class='ocrx_word' id='word_1_107' title='bbox 829 1713 896 1772; x_wconf 88' lang='lat' dir='ltr'><strong>Viri</strong></span> <span class='ocrx_word' id='word_1_108' title='bbox 928 1714 1064 1790; x_wconf 74' lang='lat' dir='ltr'><strong>Epistola</strong></span> <span class='ocrx_word' id='word_1_109' title='bbox 1097 1721 1126 1774; x_wconf 88' lang='lat' dir='ltr'><strong>et</strong></span> <span class='ocrx_word' id='word_1_110' title='bbox 1155 1718 1263 1775; x_wconf 89' lang='lat' dir='ltr'><strong>adeas</strong></span> 
     </span>
     <span class='ocr_line' id='line_1_14' title="bbox 198 1821 1262 1899; baseline 0.002 -19"><span class='ocrx_word' id='word_1_111' title='bbox 198 1821 414 1897; x_wconf 80' lang='lat' dir='ltr'><strong>„responsiones</strong></span> <span class='ocrx_word' id='word_1_112' title='bbox 443 1841 474 1879; x_wconf 89' lang='lat' dir='ltr'><strong>se</strong></span> <span class='ocrx_word' id='word_1_113' title='bbox 503 1821 626 1880; x_wconf 90' lang='lat' dir='ltr'><strong>invicem</strong></span> <span class='ocrx_word' id='word_1_114' title='bbox 657 1822 842 1896; x_wconf 55' lang='lat' dir='ltr'><strong>sequantur!</strong></span> <span class='ocrx_word' id='word_1_115' title='bbox 878 1822 972 1892; x_wconf 86' lang='lat' dir='ltr'><strong>Quum</strong></span> <span class='ocrx_word' id='word_1_116' title='bbox 996 1842 1065 1881; x_wconf 89' lang='lat' dir='ltr'><strong>vero</strong></span> <span class='ocrx_word' id='word_1_117' title='bbox 1087 1824 1140 1899; x_wconf 85' lang='lat' dir='ltr'><strong>Ep.</strong></span> <span class='ocrx_word' id='word_1_118' title='bbox 1164 1824 1262 1882; x_wconf 90' lang='lat' dir='ltr'>XLIII</span> 
     </span>
     <span class='ocr_line' id='line_1_15' title="bbox 193 1927 1263 2005; baseline 0.003 -18"><span class='ocrx_word' id='word_1_119' title='bbox 193 1927 272 2004; x_wconf 86' lang='lat' dir='ltr'><strong>(olim</strong></span> <span class='ocrx_word' id='word_1_120' title='bbox 301 1929 408 2003; x_wconf 85' lang='lat' dir='ltr'>XLIX)</span> <span class='ocrx_word' id='word_1_121' title='bbox 435 1948 602 2005; x_wconf 90' lang='lat' dir='ltr'><strong>responsum</strong></span> <span class='ocrx_word' id='word_1_122' title='bbox 630 1927 777 1987; x_wconf 88' lang='lat' dir='ltr'><strong>contineat</strong></span> <span class='ocrx_word' id='word_1_123' title='bbox 802 1929 839 1986; x_wconf 90' lang='lat' dir='ltr'><strong>ad</strong></span> <span class='ocrx_word' id='word_1_124' title='bbox 861 1948 925 1986; x_wconf 89' lang='lat' dir='ltr'><strong>eam</strong></span> <span class='ocrx_word' id='word_1_125' title='bbox 946 1948 1009 2004; x_wconf 83' lang='lat' dir='ltr'><strong>quae</strong></span> <span class='ocrx_word' id='word_1_126' title='bbox 1031 1929 1163 2005; x_wconf 83' lang='lat' dir='ltr'><strong>proxime</strong></span> <span class='ocrx_word' id='word_1_127' title='bbox 1183 1935 1263 1990; x_wconf 87' lang='lat' dir='ltr'><strong>ante·</strong></span> 
     </span>
     <span class='ocr_line' id='line_1_16' title="bbox 193 2034 1263 2111; baseline 0.001 -16"><span class='ocrx_word' id='word_1_128' title='bbox 193 2036 278 2109; x_wconf 82' lang='lat' dir='ltr'><strong>cedit,</strong></span> <span class='ocrx_word' id='word_1_129' title='bbox 310 2055 407 2094; x_wconf 88' lang='lat' dir='ltr'><strong>mense</strong></span> <span class='ocrx_word' id='word_1_130' title='bbox 438 2038 505 2094; x_wconf 88' lang='lat' dir='ltr'><strong>Jan.</strong></span> <span class='ocrx_word' id='word_1_131' title='bbox 536 2055 562 2094; x_wconf 92' lang='lat' dir='ltr'><strong>a.</strong></span> <span class='ocrx_word' id='word_1_132' title='bbox 596 2036 682 2093; x_wconf 87' lang='grc'><strong>1671.</strong></span> <span class='ocrx_word' id='word_1_133' title='bbox 714 2034 862 2110; x_wconf 80' lang='lat' dir='ltr'><strong>scriptam,</strong></span> <span class='ocrx_word' id='word_1_134' title='bbox 894 2039 924 2093; x_wconf 94' lang='lat' dir='ltr'><strong>et</strong></span> <span class='ocrx_word' id='word_1_135' title='bbox 954 2039 1077 2111; x_wconf 89' lang='lat' dir='ltr'><strong>utraque</strong></span> <span class='ocrx_word' id='word_1_136' title='bbox 1106 2039 1142 2095; x_wconf 88' lang='lat' dir='ltr'><strong>ab</strong></span> <span class='ocrx_word' id='word_1_137' title='bbox 1164 2037 1263 2096; x_wconf 89' lang='lat' dir='ltr'><strong>amicis</strong></span> 
     </span>
     <span class='ocr_line' id='line_1_17' title="bbox 194 2140 1262 2218; baseline 0.001 -16"><span class='ocrx_word' id='word_1_138' title='bbox 194 2148 262 2202; x_wconf 88' lang='lat' dir='ltr'><strong>ante</strong></span> <span class='ocrx_word' id='word_1_139' title='bbox 282 2143 418 2218; x_wconf 89' lang='lat' dir='ltr'><strong>epistolas</strong></span> <span class='ocrx_word' id='word_1_140' title='bbox 438 2142 635 2202; x_wconf 89' lang='lat' dir='ltr'><strong>Leibnitianas</strong></span> <span class='ocrx_word' id='word_1_141' title='bbox 655 2146 685 2200; x_wconf 93' lang='lat' dir='ltr'><strong>et</strong></span> <span class='ocrx_word' id='word_1_142' title='bbox 705 2141 892 2200; x_wconf 79' lang='lat' dir='ltr'><strong>Fabricianas</strong></span> <span class='ocrx_word' id='word_1_143' title='bbox 912 2141 1008 2217; x_wconf 90' lang='lat' dir='ltr'><strong>posita</strong></span> <span class='ocrx_word' id='word_1_144' title='bbox 1029 2141 1067 2200; x_wconf 88' lang='lat' dir='ltr'><strong>sit</strong></span> <span class='ocrx_word' id='word_1_145' title='bbox 1084 2140 1104 2213; x_wconf 82' lang='lat'><strong>⁸,</strong></span> <span class='ocrx_word' id='word_1_146' title='bbox 1126 2143 1189 2202; x_wconf 89' lang='lat' dir='ltr'><strong>fieri</strong></span> <span class='ocrx_word' id='word_1_147' title='bbox 1210 2144 1262 2203; x_wconf 85' lang='lat' dir='ltr'><strong>vix</strong></span> 
     </span>
    </p>
   </div>
   <div class='ocr_carea' id='block_1_8' title="bbox 194 2248 1361 2749">
    <p class='ocr_par' dir='ltr' id='par_1_9' title="bbox 194 2248 1361 2749">
     <span class='ocr_line' id='line_1_18' title="bbox 194 2248 1262 2334; baseline 0.002 -27"><span class='ocrx_word' id='word_1_148' title='bbox 194 2253 290 2324; x_wconf 88' lang='lat' dir='ltr'><strong>potest</strong></span> <span class='ocrx_word' id='word_1_149' title='bbox 309 2253 343 2308; x_wconf 92' lang='lat' dir='ltr'><strong>ut</strong></span> <span class='ocrx_word' id='word_1_150' title='bbox 363 2250 399 2307; x_wconf 87' lang='lat' dir='ltr'><strong>ad</strong></span> <span class='ocrx_word' id='word_1_151' title='bbox 419 2270 526 2309; x_wconf 90' lang='lat' dir='ltr'><strong>annum</strong></span> <span class='ocrx_word' id='word_1_152' title='bbox 548 2250 634 2307; x_wconf 85' lang='grc'><strong>1675.</strong></span> <span class='ocrx_word' id='word_1_153' title='bbox 655 2248 705 2307; x_wconf 89' lang='lat' dir='ltr'><strong>illa</strong></span> <span class='ocrx_word' id='word_1_154' title='bbox 725 2248 877 2324; x_wconf 88' lang='lat' dir='ltr'><strong>pertineat.</strong></span> <span class='ocrx_word' id='word_1_155' title='bbox 910 2249 974 2334; x_wconf 78' lang='lat' dir='ltr'><strong>¹Nec</strong></span> <span class='ocrx_word' id='word_1_156' title='bbox 997 2248 1082 2325; x_wconf 87' lang='lat' dir='ltr'><strong>juvat</strong></span> <span class='ocrx_word' id='word_1_157' title='bbox 1102 2270 1262 2325; x_wconf 90' lang='lat' dir='ltr'><strong>provocare</strong></span> 
     </span>
     <span class='ocr_line' id='line_1_19' title="bbox 194 2354 1264 2432; baseline 0.002 -18"><span class='ocrx_word' id='word_1_158' title='bbox 194 2357 231 2415; x_wconf 92' lang='lat' dir='ltr'><strong>ad</strong></span> <span class='ocrx_word' id='word_1_159' title='bbox 251 2358 341 2415; x_wconf 89' lang='lat' dir='ltr'><strong>verba</strong></span> <span class='ocrx_word' id='word_1_160' title='bbox 360 2355 494 2432; x_wconf 77' lang='lat' dir='ltr'><strong>Epistola</strong></span> <span class='ocrx_word' id='word_1_161' title='bbox 515 2356 621 2415; x_wconf 86' lang='lat' dir='ltr'>LXXV</span> <span class='ocrx_word' id='word_1_162' title='bbox 641 2356 670 2414; x_wconf 90' lang='lat' dir='ltr'><strong>in</strong></span> <span class='ocrx_word' id='word_1_163' title='bbox 691 2356 790 2413; x_wconf 90' lang='lat' dir='ltr'>XLIII</span> <span class='ocrx_word' id='word_1_164' title='bbox 811 2356 940 2431; x_wconf 89' lang='lat' dir='ltr'><strong>repetita</strong></span> <span class='ocrx_word' id='word_1_165' title='bbox 955 2354 976 2428; x_wconf 72' lang='lat'><strong>⁴,</strong></span> <span class='ocrx_word' id='word_1_166' title='bbox 997 2356 1027 2414; x_wconf 92' lang='lat' dir='ltr'><strong>in</strong></span> <span class='ocrx_word' id='word_1_167' title='bbox 1043 2357 1146 2432; x_wconf 87' lang='lat' dir='ltr'><strong>quibus</strong></span> <span class='ocrx_word' id='word_1_168' title='bbox 1162 2363 1264 2416; x_wconf 89' lang='lat' dir='ltr'><strong>auctor</strong></span> 
     </span>
     <span class='ocr_line' id='line_1_20' title="bbox 195 2460 1263 2537; baseline 0.003 -17"><span class='ocrx_word' id='word_1_169' title='bbox 195 2461 337 2520; x_wconf 86' lang='lat' dir='ltr'><strong>addiderit</strong></span> <span class='ocrx_word' id='word_1_170' title='bbox 366 2460 536 2537; x_wconf 87' lang='lat' dir='ltr'><strong>particulam</strong></span> <span class='ocrx_word' id='word_1_171' title='bbox 568 2462 646 2537; x_wconf 81' lang='lat' dir='ltr'><strong>quod</strong></span> <span class='ocrx_word' id='word_1_172' title='bbox 673 2465 740 2535; x_wconf 89' lang='lat' dir='ltr'><strong>post</strong></span> <span class='ocrx_word' id='word_1_173' title='bbox 767 2461 996 2535; x_wconf 86' lang='lat' dir='ltr'><strong>conjunctionem</strong></span> <span class='ocrx_word' id='word_1_174' title='bbox 1021 2464 1074 2535; x_wconf 81' lang='lat' dir='ltr'><strong>orl,</strong></span> <span class='ocrx_word' id='word_1_175' title='bbox 1103 2464 1263 2522; x_wconf 89' lang='lat' dir='ltr'><strong>orationem</strong></span> 
     </span>
     <span class='ocr_line' id='line_1_21' title="bbox 195 2567 1361 2642; baseline 0.001 -15"><span class='ocrx_word' id='word_1_176' title='bbox 195 2568 303 2627; x_wconf 89' lang='lat' dir='ltr'><strong>scilicet</strong></span> <span class='ocrx_word' id='word_1_177' title='bbox 323 2572 518 2635; x_wconf 61' lang='lat' dir='ltr'><strong>correcturum</strong></span> <span class='ocrx_word' id='word_1_178' title='bbox 540 2587 607 2625; x_wconf 89' lang='lat' dir='ltr'><strong>nam</strong></span> <span class='ocrx_word' id='word_1_179' title='bbox 628 2567 708 2625; x_wconf 92' lang='lat' dir='ltr'><strong>etin</strong></span> <span class='ocrx_word' id='word_1_180' title='bbox 729 2567 860 2641; x_wconf 82' lang='lat' dir='ltr'><strong>exemplo</strong></span> <span class='ocrx_word' id='word_1_181' title='bbox 884 2567 939 2642; x_wconf 80' lang='lat' dir='ltr'><strong>Ep.</strong></span> <span class='ocrx_word' id='word_1_182' title='bbox 961 2569 1068 2626; x_wconf 84' lang='lat' dir='ltr'>LXXV</span> <span class='ocrx_word' id='word_1_183' title='bbox 1096 2570 1132 2627; x_wconf 88' lang='lat' dir='ltr'><strong>ad</strong></span> <span class='ocrx_word' id='word_1_184' title='bbox 1157 2569 1262 2628; x_wconf 90' lang='lat' dir='ltr'><strong>Olden·</strong></span> <span class='ocrx_word' id='word_1_185' title='bbox 1360 2594 1361 2615; x_wconf 62' lang='lat' dir='ltr'><strong>i</strong></span> 
     </span>
     <span class='ocr_line' id='line_1_22' title="bbox 196 2673 1263 2749; baseline 0.002 -16"><span class='ocrx_word' id='word_1_186' title='bbox 196 2674 328 2747; x_wconf 77' lang='lat' dir='ltr'><strong>burgiam</strong></span> <span class='ocrx_word' id='word_1_187' title='bbox 349 2674 435 2733; x_wconf 89' lang='lat' dir='ltr'><strong>misso</strong></span> <span class='ocrx_word' id='word_1_188' title='bbox 456 2678 554 2732; x_wconf 85' lang='lat' dir='ltr'><strong>exstat</strong></span> <span class='ocrx_word' id='word_1_189' title='bbox 573 2673 623 2732; x_wconf 89' lang='lat' dir='ltr'><strong>illa</strong></span> <span class='ocrx_word' id='word_1_190' title='bbox 636 2673 787 2749; x_wconf 89' lang='lat' dir='ltr'><strong>particula,</strong></span> <span class='ocrx_word' id='word_1_191' title='bbox 803 2678 891 2748; x_wconf 88' lang='lat' dir='ltr'><strong>atque</strong></span> <span class='ocrx_word' id='word_1_192' title='bbox 907 2673 949 2732; x_wconf 89' lang='lat' dir='ltr'><strong>ita</strong></span> <span class='ocrx_word' id='word_1_193' title='bbox 963 2674 1080 2734; x_wconf 89' lang='lat' dir='ltr'><strong>videtur</strong></span> <span class='ocrx_word' id='word_1_194' title='bbox 1094 2676 1188 2735; x_wconf 90' lang='lat' dir='ltr'><strong>otiosa</strong></span> <span class='ocrx_word' id='word_1_195' title='bbox 1202 2696 1263 2734; x_wconf 90' lang='lat' dir='ltr'><strong>esse</strong></span> 
     </span>
    </p>
   </div>
   <div class='ocr_carea' id='block_1_9' title="bbox 234 2851 1263 2913">
    <p class='ocr_par' dir='ltr' id='par_1_10' title="bbox 234 2851 1263 2913">
     <span class='ocr_line' id='line_1_23' title="bbox 234 2851 1263 2913; baseline 0 -14"><span class='ocrx_word' id='word_1_196' title='bbox 234 2856 240 2881; x_wconf 90' lang='lat'><strong>¹</strong></span> <span class='ocrx_word' id='word_1_197' title='bbox 272 2853 309 2900; x_wconf 86' lang='lat' dir='ltr'><strong>of.</strong></span> <span class='ocrx_word' id='word_1_198' title='bbox 333 2854 441 2899; x_wconf 86' lang='lat' dir='ltr'><strong>diarium</strong></span> <span class='ocrx_word' id='word_1_199' title='bbox 465 2866 486 2900; x_wconf 90' lang='lat' dir='ltr'><strong>c.</strong></span> <span class='ocrx_word' id='word_1_200' title='bbox 508 2855 526 2899; x_wconf 89' lang='lat' dir='ltr'><strong>t.</strong></span> <span class='ocrx_word' id='word_1_201' title='bbox 551 2853 579 2897; x_wconf 82' lang='lat' dir='ltr'><strong>de</strong></span> <span class='ocrx_word' id='word_1_202' title='bbox 602 2851 760 2908; x_wconf 80' lang='lat' dir='ltr'><strong>Levenabode,</strong></span> <span class='ocrx_word' id='word_1_203' title='bbox 783 2851 832 2897; x_wconf 88' lang='lat'><strong>111.</strong></span> <span class='ocrx_word' id='word_1_204' title='bbox 856 2865 898 2911; x_wconf 92' lang='lat' dir='ltr'><strong>pp.</strong></span> <span class='ocrx_word' id='word_1_205' title='bbox 916 2852 962 2898; x_wconf 78' lang='lat'><strong>252</strong></span> <span class='ocrx_word' id='word_1_206' title='bbox 978 2866 1034 2911; x_wconf 87' lang='lat' dir='ltr'><strong>sqq.</strong></span> <span class='ocrx_word' id='word_1_207' title='bbox 1066 2854 1186 2899; x_wconf 86' lang='lat' dir='ltr'><strong>Attamen</strong></span> <span class='ocrx_word' id='word_1_208' title='bbox 1203 2857 1263 2913; x_wconf 87' lang='lat' dir='ltr'><strong>post</strong></span> 
     </span>
    </p>
   </div>
   <div class='ocr_carea' id='block_1_10' title="bbox 199 2934 1360 3001">
    <p class='ocr_par' dir='ltr' id='par_1_11' title="bbox 199 2934 1360 3001">
     <span class='ocr_line' id='line_1_24' title="bbox 199 2934 1360 3001; baseline -0.005 -12"><span class='ocrx_word' id='word_1_209' title='bbox 199 2944 343 3001; x_wconf 78' lang='lat' dir='ltr'><strong>evulgatam</strong></span> <span class='ocrx_word' id='word_1_210' title='bbox 360 2943 497 2989; x_wconf 78' lang='lat' dir='ltr'><strong>odilionam</strong></span> <span class='ocrx_word' id='word_1_211' title='bbox 513 2945 627 2989; x_wconf 88' lang='lat' dir='ltr'><strong>nostram</strong></span> <span class='ocrx_word' id='word_1_212' title='bbox 643 2942 752 3001; x_wconf 87' lang='lat' dir='ltr'><strong>primam</strong></span> <span class='ocrx_word' id='word_1_213' title='bbox 768 2940 800 2986; x_wconf 87' lang='lat' dir='ltr'><strong>ab</strong></span> <span class='ocrx_word' id='word_1_214' title='bbox 818 2942 1021 2988; x_wconf 85' lang='lat' dir='ltr'><strong>accuratissimis</strong></span> <span class='ocrx_word' id='word_1_215' title='bbox 1038 2942 1096 2987; x_wconf 76' lang='lat' dir='ltr'><strong>vitm</strong></span> <span class='ocrx_word' id='word_1_216' title='bbox 1107 2942 1263 3000; x_wconf 77' lang='lat' dir='ltr'><strong>Hugenianm</strong></span> <span class='ocrx_word' id='word_1_217' title='bbox 1359 2934 1360 2983; x_wconf 78' lang='lat' dir='ltr'>j</span> 
     </span>
    </p>
   </div>
   <div class='ocr_carea' id='block_1_11' title="bbox 198 3030 1263 3354">
    <p class='ocr_par' dir='ltr' id='par_1_12' title="bbox 198 3030 1263 3177">
     <span class='ocr_line' id='line_1_25' title="bbox 198 3030 1263 3091; baseline -0.001 -15"><span class='ocrx_word' id='word_1_218' title='bbox 198 3032 402 3091; x_wconf 82' lang='lat' dir='ltr'><strong>exploratoribus</strong></span> <span class='ocrx_word' id='word_1_219' title='bbox 426 3035 583 3091; x_wconf 88' lang='lat' dir='ltr'><strong>compertum</strong></span> <span class='ocrx_word' id='word_1_220' title='bbox 607 3035 654 3088; x_wconf 86' lang='grc'><strong>661,</strong></span> <span class='ocrx_word' id='word_1_221' title='bbox 677 3031 721 3076; x_wconf 81' lang='lat' dir='ltr'><strong>rix</strong></span> <span class='ocrx_word' id='word_1_222' title='bbox 744 3031 800 3076; x_wconf 84' lang='lat' dir='ltr'><strong>fieri</strong></span> <span class='ocrx_word' id='word_1_223' title='bbox 824 3044 900 3089; x_wconf 85' lang='lat' dir='ltr'><strong>posse</strong></span> <span class='ocrx_word' id='word_1_224' title='bbox 925 3032 986 3089; x_wconf 89' lang='lat' dir='ltr'><strong>quin</strong></span> <span class='ocrx_word' id='word_1_225' title='bbox 1011 3031 1069 3076; x_wconf 88' lang='lat' dir='ltr'><strong>heio</strong></span> <span class='ocrx_word' id='word_1_226' title='bbox 1091 3031 1149 3076; x_wconf 88' lang='lat' dir='ltr'><strong>Joh.</strong></span> <span class='ocrx_word' id='word_1_227' title='bbox 1171 3030 1263 3076; x_wconf 89' lang='lat' dir='ltr'><strong>Hudde</strong></span> 
     </span>
     <span class='ocr_line' id='line_1_26' title="bbox 200 3120 947 3177; baseline -0.005 -10"><span class='ocrx_word' id='word_1_228' title='bbox 200 3121 289 3167; x_wconf 87' lang='lat' dir='ltr'><strong>consul</strong></span> <span class='ocrx_word' id='word_1_229' title='bbox 304 3121 548 3167; x_wconf 80' lang='lat' dir='ltr'><strong>Amstelodamensis</strong></span> <span class='ocrx_word' id='word_1_230' title='bbox 563 3120 633 3165; x_wconf 88' lang='lat' dir='ltr'><strong>illius</strong></span> <span class='ocrx_word' id='word_1_231' title='bbox 649 3120 706 3165; x_wconf 91' lang='lat' dir='ltr'><strong>loco</strong></span> <span class='ocrx_word' id='word_1_232' title='bbox 723 3120 887 3177; x_wconf 84' lang='lat' dir='ltr'><strong>reponendus</strong></span> <span class='ocrx_word' id='word_1_233' title='bbox 905 3120 947 3164; x_wconf 86' lang='lat' dir='ltr'><strong>sit.</strong></span> 
     </span>
    </p>

    <p class='ocr_par' dir='ltr' id='par_1_13' title="bbox 199 3205 1263 3354">
     <span class='ocr_line' id='line_1_27' title="bbox 232 3205 1263 3267; baseline -0.004 -12"><span class='ocrx_word' id='word_1_234' title='bbox 232 3210 241 3238; x_wconf 76' lang='lat'><strong>⁹</strong></span> <span class='ocrx_word' id='word_1_235' title='bbox 272 3210 293 3255; x_wconf 78' lang='lat' dir='ltr'>A</span> <span class='ocrx_word' id='word_1_236' title='bbox 310 3210 391 3267; x_wconf 81' lang='lat' dir='ltr'><strong>Study</strong></span> <span class='ocrx_word' id='word_1_237' title='bbox 407 3209 436 3254; x_wconf 80' lang='lat' dir='ltr'><strong>oi</strong></span> <span class='ocrx_word' id='word_1_238' title='bbox 451 3209 565 3267; x_wconf 76' lang='lat' dir='ltr'><strong>Spinoaa.</strong></span> <span class='ocrx_word' id='word_1_239' title='bbox 597 3206 633 3264; x_wconf 87' lang='lat' dir='ltr'><strong>By</strong></span> <span class='ocrx_word' id='word_1_240' title='bbox 649 3207 736 3253; x_wconf 85' lang='lat' dir='ltr'><strong>James</strong></span> <span class='ocrx_word' id='word_1_241' title='bbox 752 3207 904 3261; x_wconf 69' lang='lat' dir='ltr'><strong>Martinam,</strong></span> <span class='ocrx_word' id='word_1_242' title='bbox 920 3206 972 3251; x_wconf 91' lang='lat' dir='ltr'><strong>LL.</strong></span> <span class='ocrx_word' id='word_1_243' title='bbox 989 3205 1069 3261; x_wconf 65' lang='lat' dir='ltr'><strong>D.‚D.</strong></span> <span class='ocrx_word' id='word_1_244' title='bbox 1080 3206 1119 3262; x_wconf 89' lang='lat' dir='ltr'><strong>D.,</strong></span> <span class='ocrx_word' id='word_1_245' title='bbox 1135 3206 1263 3265; x_wconf 89' lang='lat' dir='ltr'><strong>Principal</strong></span> 
     </span>
     <span class='ocr_line' id='line_1_28' title="bbox 199 3294 1262 3354; baseline -0.002 -10"><span class='ocrx_word' id='word_1_246' title='bbox 199 3300 227 3345; x_wconf 85' lang='lat' dir='ltr'><strong>of</strong></span> <span class='ocrx_word' id='word_1_247' title='bbox 251 3299 413 3344; x_wconf 83' lang='lat' dir='ltr'><strong>Manchester</strong></span> <span class='ocrx_word' id='word_1_248' title='bbox 436 3297 496 3344; x_wconf 81' lang='lat' dir='ltr'><strong>Now</strong></span> <span class='ocrx_word' id='word_1_249' title='bbox 516 3296 628 3354; x_wconf 77' lang='lat' dir='ltr'><strong>college,</strong></span> <span class='ocrx_word' id='word_1_250' title='bbox 650 3295 766 3341; x_wconf 89' lang='lat' dir='ltr'><strong>London.</strong></span> <span class='ocrx_word' id='word_1_251' title='bbox 794 3294 854 3340; x_wconf 78' lang='lat'>1882</span> <span class='ocrx_word' id='word_1_252' title='bbox 881 3298 907 3340; x_wconf 88' lang='grc'><strong>61</strong></span> <span class='ocrx_word' id='word_1_253' title='bbox 934 3294 1002 3339; x_wconf 84' lang='grc'><strong>1883.</strong></span> <span class='ocrx_word' id='word_1_254' title='bbox 1027 3295 1055 3339; x_wconf 91' lang='grc' dir='ltr'><strong>Ρ.</strong></span> <span class='ocrx_word' id='word_1_255' title='bbox 1072 3294 1110 3339; x_wconf 87' lang='grc'><strong>98.</strong></span> <span class='ocrx_word' id='word_1_256' title='bbox 1128 3295 1262 3354; x_wconf 85' lang='lat' dir='ltr'><strong>utriusque</strong></span> 
     </span>
    </p>
   </div>
   <div class='ocr_carea' id='block_1_12' title="bbox 198 3387 326 3433">
    <p class='ocr_par' dir='ltr' id='par_1_14' title="bbox 198 3387 326 3433">
     <span class='ocr_line' id='line_1_29' title="bbox 198 3387 326 3433; baseline -0.016 0"><span class='ocrx_word' id='word_1_257' title='bbox 198 3387 326 3433; x_wconf 86' lang='lat' dir='ltr'><strong>editionis.</strong></span> 
     </span>
    </p>
   </div>
   <div class='ocr_carea' id='block_1_13' title="bbox 231 3471 1358 3534">
    <p class='ocr_par' dir='ltr' id='par_1_15' title="bbox 231 3471 1358 3534">
     <span class='ocr_line' id='line_1_30' title="bbox 231 3471 1358 3534; baseline -0.003 -14"><span class='ocrx_word' id='word_1_258' title='bbox 231 3476 241 3504; x_wconf 80' lang='lat'>⁸</span> <span class='ocrx_word' id='word_1_259' title='bbox 272 3475 318 3534; x_wconf 84' lang='lat' dir='ltr'><strong>Ep.</strong></span> <span class='ocrx_word' id='word_1_260' title='bbox 334 3474 370 3531; x_wconf 81' lang='lat' dir='ltr'><strong>L,</strong></span> <span class='ocrx_word' id='word_1_261' title='bbox 387 3476 453 3519; x_wconf 89' lang='lat' dir='ltr'><strong>teste</strong></span> <span class='ocrx_word' id='word_1_262' title='bbox 469 3473 550 3519; x_wconf 84' lang='lat' dir='ltr'><strong>veteri</strong></span> <span class='ocrx_word' id='word_1_263' title='bbox 565 3472 613 3519; x_wconf 82' lang='lat' dir='ltr'><strong>Ed.</strong></span> <span class='ocrx_word' id='word_1_264' title='bbox 624 3472 703 3530; x_wconf 84' lang='lat' dir='ltr'><strong>Belg.,</strong></span> <span class='ocrx_word' id='word_1_265' title='bbox 714 3471 801 3517; x_wconf 88' lang='lat' dir='ltr'><strong>nescio</strong></span> <span class='ocrx_word' id='word_1_266' title='bbox 812 3484 862 3529; x_wconf 92' lang='lat' dir='ltr'><strong>quo</strong></span> <span class='ocrx_word' id='word_1_267' title='bbox 878 3484 964 3517; x_wconf 88' lang='lat' dir='ltr'><strong>errore</strong></span> <span class='ocrx_word' id='word_1_268' title='bbox 974 3472 1047 3518; x_wconf 90' lang='lat' dir='ltr'><strong>adm.</strong></span> <span class='ocrx_word' id='word_1_269' title='bbox 1057 3472 1153 3531; x_wconf 84' lang='lat' dir='ltr'><strong>MaJ&#39;um</strong></span> <span class='ocrx_word' id='word_1_270' title='bbox 1163 3486 1184 3519; x_wconf 89' lang='lat' dir='ltr'><strong>a.</strong></span> <span class='ocrx_word' id='word_1_271' title='bbox 1196 3473 1261 3519; x_wconf 73' lang='lat' dir='ltr'><strong>lou.</strong></span> <span class='ocrx_word' id='word_1_272' title='bbox 1357 3494 1358 3527; x_wconf 80' lang='grc'><strong>,</strong></span> 
     </span>
    </p>
   </div>
   <div class='ocr_carea' id='block_1_14' title="bbox 199 3560 1264 3888">
    <p class='ocr_par' dir='ltr' id='par_1_16' title="bbox 199 3560 1264 3800">
     <span class='ocr_line' id='line_1_31' title="bbox 199 3560 1262 3621; baseline -0.001 -12"><span class='ocrx_word' id='word_1_273' title='bbox 199 3564 288 3620; x_wconf 75' lang='lat' dir='ltr'><strong>relati,</strong></span> <span class='ocrx_word' id='word_1_274' title='bbox 303 3564 411 3621; x_wconf 89' lang='lat' dir='ltr'><strong>ideoque</strong></span> <span class='ocrx_word' id='word_1_275' title='bbox 428 3565 454 3609; x_wconf 87' lang='grc'><strong>61</strong></span> <span class='ocrx_word' id='word_1_276' title='bbox 469 3563 496 3608; x_wconf 91' lang='lat' dir='ltr'><strong>in</strong></span> <span class='ocrx_word' id='word_1_277' title='bbox 513 3564 575 3620; x_wconf 89' lang='lat' dir='ltr'><strong>Opp.</strong></span> <span class='ocrx_word' id='word_1_278' title='bbox 587 3562 674 3607; x_wconf 88' lang='lat' dir='ltr'><strong>Posth.</strong></span> <span class='ocrx_word' id='word_1_279' title='bbox 686 3573 820 3620; x_wconf 86' lang='lat' dir='ltr'><strong>perperam</strong></span> <span class='ocrx_word' id='word_1_280' title='bbox 833 3560 958 3606; x_wconf 88' lang='lat' dir='ltr'><strong>collocata</strong></span> <span class='ocrx_word' id='word_1_281' title='bbox 971 3564 1023 3614; x_wconf 86' lang='lat' dir='ltr'><strong>est;</strong></span> <span class='ocrx_word' id='word_1_282' title='bbox 1036 3562 1085 3607; x_wconf 87' lang='lat' dir='ltr'><strong>etsi</strong></span> <span class='ocrx_word' id='word_1_283' title='bbox 1094 3562 1120 3606; x_wconf 90' lang='lat' dir='ltr'><strong>in</strong></span> <span class='ocrx_word' id='word_1_284' title='bbox 1131 3562 1172 3607; x_wconf 90' lang='lat' dir='ltr'><strong>his</strong></span> <span class='ocrx_word' id='word_1_285' title='bbox 1182 3575 1262 3608; x_wconf 85' lang='lat' dir='ltr'><strong>annus</strong></span> 
     </span>
     <span class='ocr_line' id='line_1_32' title="bbox 202 3649 1264 3710; baseline -0.002 -13"><span class='ocrx_word' id='word_1_286' title='bbox 202 3652 269 3700; x_wconf 77' lang='grc'><strong>1614.</strong></span> <span class='ocrx_word' id='word_1_287' title='bbox 285 3654 354 3698; x_wconf 88' lang='lat' dir='ltr'><strong>recte</strong></span> <span class='ocrx_word' id='word_1_288' title='bbox 370 3652 505 3708; x_wconf 89' lang='lat' dir='ltr'><strong>indicatur,</strong></span> <span class='ocrx_word' id='word_1_289' title='bbox 521 3651 615 3710; x_wconf 86' lang='lat' dir='ltr'><strong>quippe</strong></span> <span class='ocrx_word' id='word_1_290' title='bbox 632 3664 681 3709; x_wconf 92' lang='lat' dir='ltr'><strong>quo</strong></span> <span class='ocrx_word' id='word_1_291' title='bbox 694 3650 820 3709; x_wconf 85' lang='lat' dir='ltr'><strong>prodierit</strong></span> <span class='ocrx_word' id='word_1_292' title='bbox 833 3649 898 3696; x_wconf 86' lang='lat' dir='ltr'><strong>liber</strong></span> <span class='ocrx_word' id='word_1_293' title='bbox 909 3650 1118 3697; x_wconf 81' lang='lat' dir='ltr'><strong>Mansveldianus</strong></span> <span class='ocrx_word' id='word_1_294' title='bbox 1130 3665 1145 3696; x_wconf 88' lang='lat' dir='ltr'><strong>a</strong></span> <span class='ocrx_word' id='word_1_295' title='bbox 1156 3650 1264 3709; x_wconf 81' lang='lat' dir='ltr'><strong>Spinoza</strong></span> 
     </span>
     <span class='ocr_line' id='line_1_33' title="bbox 200 3742 338 3800; baseline 0 -14"><span class='ocrx_word' id='word_1_296' title='bbox 200 3742 338 3800; x_wconf 86' lang='lat' dir='ltr'><strong>inspectus.</strong></span> 
     </span>
    </p>

    <p class='ocr_par' dir='ltr' id='par_1_17' title="bbox 233 3828 945 3888">
     <span class='ocr_line' id='line_1_34' title="bbox 233 3828 945 3888; baseline 0 -14"><span class='ocrx_word' id='word_1_297' title='bbox 233 3832 243 3859; x_wconf 83' lang='lat'><strong>⁴</strong></span> <span class='ocrx_word' id='word_1_298' title='bbox 274 3830 337 3875; x_wconf 86' lang='lat' dir='ltr'><strong>Vide</strong></span> <span class='ocrx_word' id='word_1_299' title='bbox 353 3829 420 3874; x_wconf 86' lang='lat' dir='ltr'><strong>infra</strong></span> <span class='ocrx_word' id='word_1_300' title='bbox 434 3842 510 3888; x_wconf 79' lang='lat' dir='ltr'><strong>pagg.</strong></span> <span class='ocrx_word' id='word_1_301' title='bbox 527 3828 579 3875; x_wconf 79' lang='lat'><strong>349.</strong></span> <span class='ocrx_word' id='word_1_302' title='bbox 596 3842 633 3875; x_wconf 84' lang='lat' dir='ltr'><strong>vs.</strong></span> <span class='ocrx_word' id='word_1_303' title='bbox 651 3830 672 3876; x_wconf 76' lang='lat'><strong>7.</strong></span> <span class='ocrx_word' id='word_1_304' title='bbox 689 3828 784 3875; x_wconf 77' lang='grc'><strong>61414.</strong></span> <span class='ocrx_word' id='word_1_305' title='bbox 802 3842 840 3878; x_wconf 87' lang='lat' dir='ltr'><strong>vs.</strong></span> <span class='ocrx_word' id='word_1_306' title='bbox 858 3829 879 3874; x_wconf 76' lang='lat'><strong>7.</strong></span> <span class='ocrx_word' id='word_1_307' title='bbox 897 3842 911 3874; x_wconf 91' lang='lat' dir='ltr'><strong>a</strong></span> <span class='ocrx_word' id='word_1_308' title='bbox 928 3829 945 3874; x_wconf 85' lang='lat' dir='ltr'><strong>f.</strong></span> 
     </span>
    </p>
   </div>
   <div class='ocr_carea' id='block_1_15' title="bbox 0 0 1403 4392">
    <p class='ocr_par' dir='ltr' id='par_1_18' title="bbox 0 0 1403 4392">
     <span class='ocr_line' id='line_1_35' title="bbox 0 0 1403 4392; baseline 0 0"><span class='ocrx_word' id='word_1_309' title='bbox 0 0 1403 4392; x_wconf 95' lang='lat' dir='ltr'><strong> </strong></span> 
     </span>
    </p>
   </div>
  </div>
 </body>
</html>
