2784 4392
427 353 747 394 renoscereorormrcr
769 354 833 394 cur.
855 354 919 392 vnr.
1170 335 1208 392 59

131 540 220 597 quarn
241 521 337 578 Moses
357 519 461 595 populo
483 519 662 596 explicuerat
687 541 832 596 quamque
847 520 1011 596 scripserat,
1023 519 1203 587 describitur,

129 600 259 676 loquitur
288 619 398 676 suaque
427 601 506 658 facta
529 606 632 659 narrat
654 602 754 660 Moses
771 601 805 658 in
826 601 920 677 prima
940 620 1079 675 persona3
1101 620 1204 676 nempe

129 684 211 741 Deus
230 682 301 738 milri
322 681 432 738 locutus
454 688 493 738 oct
515 682 646 752 (Denter.
669 702 735 757 cap.
758 683 785 739 2.
808 701 884 740 vers.
908 683 934 749 1,
960 682 1004 751 17,
1017 682 1205 751 etc.);Deum

126 768 265 835 precatus
295 780 377 834 sum,·
411 768 459 818 otc.
493 760 556 818 Nisi
587 762 665 837 quod
694 767 797 837 postea
818 761 981 819 Historicus
1001 761 1032 818 in
1052 762 1109 818 fine
1129 761 1204 833 libri,

130 845 286 917 postquam
306 843 397 898 verba
416 839 507 898 Musis
527 842 636 910 retulit,
660 842 768 900 iterum
790 840 1205 917 intertiaperscnaloquendo

123 925 252 980 narrare
292 920 397 996 pergit,
432 922 573 994 quomodo
605 923 705 980 Moses
736 923 813 980 hanc
843 921 938 995 legem
970 928 1066 996 (quarn
1097 921 1207 979 scilicet

130 1000 321 1077 explicuerat)
351 1001 457 1076 populo
479 1000 586 1076 scripto
607 1001 741 1073 tradidit,
764 1021 889 1076 eumque
909 1000 1064 1059 novissime
1085 1001 1204 1071 monuit,

131 1086 163 1140 et
192 1081 335 1157 quomodo
365 1081 483 1138 tandem
503 1080 595 1139 vitam
616 1081 736 1139 finierit.
759 1082 831 1151 Quae
854 1081 959 1150 omnia,
981 1101 1084 1156 nempe
1105 1081 1206 1139 modus

129 1161 274 1236 loquendi,
306 1160 480 1231 testimonia,
513 1165 543 1219 et
573 1161 636 1236 ipse
669 1162 762 1220 totius
783 1160 914 1220 historiae
935 1166 1098 1229 contextus,
1120 1161 1207 1235 plane

131 1242 265 1309 suadent,
287 1242 340 1299 hos
359 1241 448 1299 libros
468 1243 505 1299 ab
527 1240 593 1312 alic,
615 1262 674 1300 non
697 1245 734 1300 ab
747 1241 810 1317 ipse
825 1242 905 1299 Mose
916 1240 1204 1315 fuisseconscriptos.

131 1322 172 1381 Π.
204 1321 286 1379 venit
316 1321 404 1378 etiam
435 1322 604 1392 notandum,
637 1322 715 1397 quod
742 1322 772 1379 in
793 1323 848 1379 hac
870 1321 991 1379 historia
1012 1341 1071 1379 non
1091 1326 1204 1379 tantum

132 1406 279 1473 narratur,
311 1401 453 1476 quomodo
486 1403 584 1460 Moses
604 1402 718 1474 obierit,
741 1403 873 1478 sepultus
893 1401 991 1472 fuerit,
1013 1406 1044 1459 et
1064 1402 1206 1460 Hebraeos

131 1480 257 1557 triginta
287 1481 348 1539 dies
378 1480 409 1538 in
439 1482 548 1540 luctum
579 1483 747 1557 conjecerit,
780 1483 830 1541 sed
863 1482 939 1557 quod
968 1482 1095 1556 insuper,
1128 1483 1206 1540 facta

133 1561 347 1637 comparatione
369 1562 431 1636 ejus
451 1582 515 1619 cum
537 1562 670 1620 omnibus
692 1563 856 1637 Prophetis,
879 1561 930 1637 qui
943 1566 1045 1636 postea
1059 1561 1205 1632 vixerunt,

133 1642 248 1713 dicitur,
279 1641 372 1717 ipsum
404 1661 503 1700 omnes
534 1640 713 1700 excelluisse.
741 1645 808 1701 Non
830 1645 922 1700 excitu
942 1662 1080 1717 cupitam,
1103 1642 1206 1717 inquit,

134 1724 283 1798 Propheta
312 1724 343 1779 in
375 1723 466 1780 Isrott
496 1724 571 1780 sicut
600 1724 706 1792 Mosae,
741 1742 824 1798 quom
845 1724 923 1780 Deus
944 1725 1051 1780 noverit
1075 1725 1110 1780 do
1130 1725 1208 1795 tocie

134 1805 175 1860 od
204 1804 318 1876 faciem.
351 1802 433 1871 Quod
465 1821 534 1883 sane
565 1802 764 1861 testimonium
785 1823 843 1860 non
863 1803 961 1860 Moses
980 1802 1087 1877 ipsus*
1109 1803 1144 1861 de
1165 1823 1205 1873 se,

134 1902 191 1940 nec
220 1882 302 1951 alius,
334 1881 384 1958 qui
414 1901 479 1940 euru
510 1882 675 1941 immediate
707 1888 824 1941 secutus
856 1888 910 1951 est,
941 1883 992 1940 sed
1023 1882 1136 1957 aliquia,
1159 1882 1207 1957 qui

134 1961 234 2020 multis
253 1966 320 2037 post
339 1963 453 2020 seculis
472 1962 556 2030 vixit,
578 1963 648 2020 dare
668 1963 773 2038 potuit,
792 1962 953 2037 praesertim
965 1962 1206 2036 quiaHistcricus

135 2043 172 2100 de
191 2042 339 2117 praeterito
359 2048 488 2118 tempore
508 2042 644 2117 loquitur,
666 2063 771 2118 nempe
785 2062 935 2118 uunquam
950 2045 1044 2100 extitit
1052 2044 1205 2118 Propheta,

135 2130 186 2181 eto.
218 2123 256 2180 Et
289 2122 323 2180 de
354 2124 512 2198 sepultura,
546 2124 622 2199 quod
655 2142 737 2181 uerno
770 2125 849 2181 illam
870 2125 999 2181 novitio
1023 2123 1098 2180 bunc
1119 2141 1208 2198 raquo

135 2204 221 2260 diem.
251 2202 306 2261 Ill.
337 2204 504 2272 notandum,
537 2204 612 2277 quod
645 2204 775 2278 quaedam
806 2204 869 2261 loca
899 2222 957 2260 non
985 2201 1021 2259 iis
1041 2202 1205 2260 indicentur

135 2282 307 2351 nominibus,
342 2303 408 2358 quae
433 2283 557 2341 vivente
587 2285 669 2342 Mose
702 2283 881 2352 obtinebant,
913 2283 963 2340 sed
995 2281 1067 2353 aliie,
1100 2281 1205 2357 quibus

137 2362 245 2420 dudum
276 2368 376 2438 postea
406 2362 546 2438 insignita
577 2368 654 2421 sunt.
676 2364 718 2422 Ut
739 2364 815 2439 quod
836 2363 1021 2420 Abrahamus
1037 2369 1206 2437 persecutos

137 2450 176 2501 est
195 2444 294 2501 hostes
313 2462 402 2519 usque
422 2446 462 2501 od
482 2445 551 2501 Duo
572 2443 642 2516 (vid.
664 2442 737 2502 Gen.
761 2443 808 2501 14.
830 2462 905 2501 vers.
932 2444 981 2515 14)
994 2467 999 2514 ;
1012 2443 1205 2518 quoducmen

136 2524 202 2581 haec
232 2526 301 2581 urbs
332 2542 390 2581 non
420 2523 553 2592 obtinuit,
586 2523 642 2581 nisi
672 2524 760 2598 longe
781 2528 848 2599 post
868 2527 991 2581 mortem
1011 2524 1111 2581 Josuae
1133 2522 1203 2594 (vid.

136 2602 232 2662 Judic.
254 2622 316 2678 cap.
340 2603 387 2661 18.
409 2622 484 2663 vers.
507 2604 662 2675 29.).1V.,
685 2605 761 2678 quod
783 2602 920 2662 Historiae
941 2602 1204 2678 aliquandeetiam

137 2683 214 2741 ultra
245 2687 358 2758 tempus
388 2682 458 2741 vitae
490 2683 580 2741 Mcsis
610 2684 818 2758 producantur.
851 2683 923 2741 Nam
954 2683 1047 2741 Exod.
1069 2702 1132 2758 cap.
1156 2684 1203 2741 16.

138 2783 213 2822 vers.
234 2764 283 2821 34.
295 2768 440 2832 narratur,
453 2765 528 2837 quod
539 2763 591 2821 filii
601 2763 721 2822 Israelis
731 2765 918 2822 comederunt
929 2764 999 2821 Man
1010 2762 1205 2838 quadraginta

138 2863 239 2912 annos,
270 2843 361 2901 donec
390 2848 534 2902 venerunt
565 2845 601 2901 ed
627 2849 736 2902 terram
758 2844 927 2911 habitatam,
950 2843 1039 2901 donec
1060 2847 1207 2901 venerunt

137 2924 174 2982 ad
205 2924 292 2982 finem
323 2928 408 2982 terrae
429 2924 588 2995 Kanahau;
610 2943 714 2999 nempe
735 2924 877 2999 usquein
897 2928 1020 2999 tempus,
1042 2924 1078 2981 de
1098 2942 1153 2996 quo
1174 2921 1206 2980 in

136 3004 211 3062 libro
232 3005 329 3062 dosuae
350 3023 412 3079 cap.
435 3005 463 3062 5.
482 3023 527 3062 vs.
551 3005 597 3061 12.
618 3005 655 3062 Iu
675 3005 749 3063 libro
771 3004 857 3062 etiarn
878 3003 983 3062 (lenes.
1005 3022 1067 3078 cap.
1090 3004 1137 3061 36.
1160 3022 1204 3062 vs.

138 3086 186 3143 31.
208 3083 321 3154 dicitur,
344 3085 386 3141 Hi
404 3091 472 3141 sunt
496 3103 580 3159 repes,
602 3088 653 3157 qut
673 3092 863 3160 reparaverunt
884 3087 917 3142 io
936 3085 1038 3153 Edem,
1054 3090 1207 3159 antequam

138 3167 267 3241 repnooit
294 3182 345 3223 rec
364 3166 396 3222 io
417 3166 486 3237 filiis
505 3165 631 3223 lsroo‘lis.
653 3164 763 3222 Narrat
782 3164 845 3222 eine
866 3164 951 3223 dubio
972 3164 1013 3222 ibi
1033 3164 1204 3234 Historicus,

139 3263 212 3318 quos
244 3263 329 3318 reges
352 3244 474 3302 Idumaei
494 3243 659 3315 habuerint,
682 3249 840 3320 antequa-m
861 3244 955 3302 David
976 3264 1026 3302 eos
1046 3244 1161 3319 subegit
1173 3248 1207 3280 **

140 3328 170 3381 et
194 3323 331 3399 praesides
350 3324 381 3381 iu
400 3324 464 3400 ipsa
484 3324 614 3383 Idumaea
635 3324 786 3383 constituit
807 3324 875 3393 (vid.
898 3324 1021 3382 Samuel.
1043 3326 1071 3383 2.
1093 3344 1155 3400 cap.
1178 3325 1206 3383 8.

141 3422 216 3461 vers.
240 3404 309 3474 14).

180 3483 226 3541 Ex
236 3483 283 3541 his
292 3483 390 3558 itaque
400 3483 532 3542 omnibus
541 3485 605 3543 luce
616 3484 778 3543 meridiana
793 3484 899 3543 clarius
910 3489 1041 3559 apparet,
1052 3486 1206 3543 Pentateu-

139 3563 215 3620 chcn
234 3582 292 3621 non
314 3583 332 3621 a
354 3565 443 3635 Mose,
465 3565 515 3623 sed
536 3566 574 3623 ab
594 3565 651 3622 alio
674 3570 705 3622 et
726 3564 895 3639 quiaMose
908 3564 1006 3622 multis
1018 3570 1084 3639 post
1095 3563 1209 3623 saeculis

175 3758 187 3783 *
203 3759 253 3804 Pro
269 3759 317 3804 hac
334 3760 438 3817 antiqua
454 3761 525 3806 vocis
542 3761 624 3807 forma
638 3760 690 3819 jam
709 3761 735 3806 iu
753 3760 791 3805 cd.
809 3761 827 3805 C
846 3761 898 3817 iprae
915 3758 1043 3819 scripturn
1061 3763 1109 3806 est.

176 3818 202 3846 ”
219 3821 257 3868 cf.
274 3822 366 3867 Annot.
384 3822 411 3867 X.
