2784 4392
440 435 760 475 ruaonoorco·1>omr101
780 438 844 479 car.
866 438 894 475 v.
1165 418 1202 480 19

134 607 202 673 1111;
234 602 298 660 ideo
330 601 460 660 homines
484 604 521 660 ab
542 602 720 693 experientia
741 603 836 662 doceri
855 606 975 676 malunt,
998 626 1084 681 quam
1106 627 1206 667 omnes

140 703 210 741 suas
240 701 344 758 percep
346 682 439 740 tiones
470 702 505 740 ex
530 682 629 820 paucis
649 682 843 742 axiomatibus
863 684 1012 754 deducere
1034 687 1091 744 et
1083 688 1206 747 rnvicem

70 836 78 840 ⁴
137 768 341 822 concatenare
374 762 457 821 Unde
487 762 568 837 sequi
569 767 625 833 t,ur
657 764 741 855 quod,
770 763 794 821 si
815 764 878 840 quis
901 765 991 823 doct'
955 770 1060 824 trinam
1082 768 1205 843 aliquam

140 843 285 917 integram
309 842 464 934 nationem,
485 862 521 900 ne
536 810 627 901 dicuni
638 844 803 902 universum
815 845 971 904 humanum
984 866 1083 920 genua,
1095 849 1206 919 docere,

134 927 169 981 et
199 925 237 980 ab
269 922 440 981 omnibus
431 942 461 980 11
494 923 625 981 omnibus
655 923 779 998 intelligi
810 926 881 997 vult,
912 925 938 983 is
962 945 1023 984 rem
1043 947 1124 986 suam
1146 895 1207 987 sold

134 1002 318 1078 experientia
338 1003 508 1061 confirmare
528 1008 652 1076 tenetur,
673 1004 858 1080 rationesque
878 1025 946 1064 suas
958 1012 987 1064 et
997 1026 1093 1066 rerum
1105 1008 1206 1067 docen-

133 1083 240 1142 darum
272 1082 452 1141 definitiones
483 1083 518 1141 ad
535 1088 668 1221 tcaptum
698 1083 797 1159 plebis,
829 1104 892 1159 quae
913 1086 1066 1145 maximam
1088 1088 1208 1147 humani

53 1234 57 1242 Ι
144 1163 258 1238 generis
278 1167 345 1238 part
346 1183 389 1221 ern
412 1163 565 1240 componit
586 1163 712 1222 maxime
733 1166 956 1238 accommodare,
977 1186 1035 1224 non
1051 1173 1208 1227 autemeas

144 1247 344 1313 concatenare,
376 1262 468 1318 neque
500 1243 688 1314 definitiones,
709 1249 797 1320 prout
817 1247 920 1303 adt
874 1250 920 1304 rat
920 1245 1001 1305 iones
1021 1248 1122 1306 melius
1142 1268 1207 1307 con·

136 1324 332 1382 eatenandum
362 1319 534 1396 inserviunt,
567 1324 699 1395 tredere3
732 1324 804 1382 alias
835 1325 910 1384 doct
888 1329 926 1383 trs
957 1331 1070 1385 tantum
1091 1327 1206 1399 scribet,

132 1403 196 1461 hoo
223 1409 276 1473 est,
298 1403 516 1495 spaucissimis
536 1408 650 1462 tantum
671 1405 843 1476 hominibus,
865 1406 889 1464 si
910 1425 974 1464 curn
995 1407 1113 1498 reliquis
1133 1428 1206 1467 com·

138 1488 291 1574 parentur,
323 1503 359 1559 po
361 1483 430 1575 terit
459 1483 489 1541 in
489 1483 590 1574 telligi.
612 1484 683 1543 Cum
703 1484 801 1560 itaque
821 1490 883 1543 tota
904 1486 1081 1562 Scriptura'
1072 1507 1103 1545 11
1124 1507 1207 1546 usum

139 1563 264 1638 integrae
302 1562 428 1622 nationis
457 1563 546 1639 prius,
579 1569 608 1623 et
595 1565 753 1622 ttandem
785 1565 912 1623 universi
943 1567 1062 1625 humani
1093 1568 1208 1642 generis

142 1644 256 1702 revelat
244 1648 276 1702 11
295 1644 392 1715 fuerit,
370 1644 574 1702 tnecessario
595 1664 637 1713 ea,
660 1664 724 1720 quae
745 1645 776 1703 in
795 1646 859 1720 ipsa
878 1665 932 1704 con
934 1646 1072 1718 tinentur,
1094 1649 1130 1706 ad
1142 1668 1207 1724 cap

139 1727 204 1782 tum
226 1724 318 1799 plebis
338 1723 463 1782 maxime
484 1725 691 1783 accommodari
713 1726 882 1795 debuerunt,
904 1731 933 1784 et
921 1727 1014 1785 11111
1028 1728 1207 1804 experientia

137 1804 330 1879 comprobari.
352 1805 424 1862 Rern
445 1805 551 1862 clarius
573 1804 755 1880 explicemus.
778 1805 848 1876 Quae
862 1805 1010 1883 Scriptura
1022 1808 1124 1866 docere
1134 1809 1206 1879 vult

128 1903 203 1960 quar
225 1885 314 1942 solam
336 1884 559 1959 speculationem
580 1890 722 1959 spectant,
701 1886 808 1944 thaec
821 1886 1000 1961 potissimum
1014 1892 1083 1946 sunt
1085 1908 1207 1964 ,nempe

136 1963 204 2022 dari
230 1965 335 2036 Deum,
368 1964 430 2023 sive
461 1984 543 2103 cns,t
556 1967 630 2039 quod
663 1966 758 2023 omnia
785 1966 862 2037 lecit,
884 1971 913 2024 et
933 1975 1045 2025 summa
1064 1968 1207 2044 sapientia

135 2043 239 2118 dirigit
271 2051 300 2102 et
327 2049 529 2115 111111111;1
531 2045 640 2120 tquod
660 2045 808 2137 hominum
829 2065 968 2105 summam
988 2048 1077 2105 habet
1098 2068 1205 2121 curam,

136 2143 242 2199 nempe
264 2144 370 2193 eorum,
393 2124 441 2199 qui
461 2124 509 2200 pie
530 2130 559 2182 11
580 2127 701 2183 honeste
721 2124 824 2184 vivant
832 2151 839 2197 ;
860 2125 986 2201 reliquos
999 2131 1050 2185 aut
1051 2148 1096 2185 em
1109 2095 1207 2187 multid

137 2204 289 2279 suppliciis
310 2205 402 2279 punit,
426 2209 455 2262 et
476 2224 493 2262 a
514 2204 597 2263 bonis
618 2210 763 2281 segregat.
784 2207 882 2281 Atque
901 2207 963 2265 lraec
984 2207 1133 2283 Scriptura
1146 2209 1207 2266 solt

138 2283 323 2359 experientia
355 2286 530 2361 comprobat,
562 2305 666 2360 nempe
696 2286 732 2344 iis
762 2305 834 2361 quas
864 2292 965 2345 narrat
991 2287 1132 2360 historiis;
1153 2308 1208 2347 nec

139 2364 217 2422 ullas
238 2364 341 2422 harum
362 2384 457 2422 rerum
479 2365 659 2423 definitiones
678 2365 778 2436 tradit,
799 2367 849 2425 sed
869 2366 965 2425 omnia
978 2368 1069 2426 verba
1081 2372 1111 2426 et
1121 2367 1207 2427 ratio

142 2463 197 2501 nes
229 2445 327 2520 captui
353 2444 445 2519 plebis
465 2447 670 2504 accommodat.
691 2447 730 2504 Et
750 2446 880 2521 quamvis
900 2447 1080 2522 experientia
1099 2449 1207 2506 nullam

139 2524 245 2581 harum
267 2523 363 2583 rerum
385 2525 492 2583 claram
515 2525 709 2599 cognitionem
730 2527 799 2585 dare
819 2526 919 2601 possit,
940 2547 995 2585 nec
1015 2528 1126 2598 docere,
1140 2528 1208 2603 quid

140 2604 222 2661 Deus
253 2604 300 2674 111,
322 2609 352 2662 11
372 2623 429 2679 qua
449 2605 562 2664 ratione
581 2625 628 2664 res
648 2626 748 2664 omnes
768 2611 912 2665 sustentet
932 2612 962 2665 et
981 2606 1096 2682 dirigat,
1118 2608 1206 2666 homi·

139 2703 267 2758 numque
288 2703 386 2743 curam
406 2685 522 2757 habeat,
543 2690 640 2761 potest
659 2691 757 2744 tamen
777 2687 907 2744 homines
926 2692 1039 2745 tantum
1060 2688 1162 2746 docere
1176 2693 1207 2747 et

137 2763 309 2836 illuminare,
342 2769 481 2839 quantum
502 2766 538 2823 ad
560 2765 752 2824 obedientiam
772 2771 802 2824 et
823 2767 1003 2825 devotionem
1028 2787 1126 2826 eorum
1147 2768 1206 2826 ani·

138 2843 195 2901 mis
225 2843 446 2919 imprimendum
476 2845 591 2904 sufficit.
622 2846 720 2921 Atque
757 2866 794 2904 ex
818 2847 864 2905 his
884 2847 955 2905 satis
975 2847 1051 2905 clare
1072 2853 1205 2907 constare

138 2927 221 2999 puto,
249 2924 353 2999 quibus
373 2928 403 2982 et
409 2944 487 3016 ..qua
500 2925 612 2984 ratione
632 2926 704 2984 fides
723 2926 937 2985 historiarum
929 2947 958 2984 m
979 2927 1069 2985 sacris
1089 2932 1205 2986 conten-

136 3008 236 3061 tarum
272 3004 435 3062 necessaria
464 3005 517 3063 111.
550 3025 587 3063 ex
616 3006 701 3064 modo
732 3006 855 3065 11111111
885 3006 960 3064 enim
991 3007 1204 3066 evidentissime

135 3083 235 3159 sequit
235 3104 278 3154 ur,
311 3104 410 3142 earum
440 3104 477 3142 no
478 3084 633 3144 titiamet
662 3086 748 3144 fidem
778 3087 875 3162 vulgo,
896 3087 978 3163 cujus
997 3087 1145 3162 ingenium
1167 3088 1204 3146 ad

135 3182 185 3221 res
216 3165 354 3223 claret
324 3168 354 3222 et
385 3163 518 3223 distincte
548 3091 762 3257 percipiendum
792 3186 851 3224 non
880 3167 967 3237 valet,
999 3186 1108 3226 summe
1138 3188 1201 3226 esse

132 3244 335 3304 necessariam.
358 3244 476 3318 Deinde,
500 3265 574 3312 1111,
597 3246 646 3322 qui
666 3266 717 3304 eas
737 3251 835 3322 negat,
857 3247 925 3322 quia
938 3267 996 3305 non
1006 3248 1098 3306 1111111
1108 3249 1199 3307 Deum

139 3342 212 3395 esse,
245 3344 337 3400 neque
368 3345 433 3383 eum
463 3291 599 3384 11111111
619 3325 783 3384 hominibus
802 3327 992 3402 provideres
975 3327 1103 3403 rmpium
1124 3347 1200 3399 esse;

136 3402 190 3478 qui
219 3409 316 3463 autem
347 3424 396 3463 eas
425 3404 550 3480 ignorat,
576 3411 605 3464 et
625 3406 817 3465 niholominus
836 3407 944 3465 lumine
964 3412 1016 3466 nat
1003 3408 1091 3466 turali
1110 3407 1201 3479 novit,

138 3483 232 3542 Deum
253 3504 324 3557 esse,
347 3489 377 3543 et
397 3504 460 3560 quae
480 3504 566 3560 porro
581 3485 715 3556 diximus
727 3491 756 3545 11
743 3486 977 3546 tdeindeveram
988 3487 1162 3546 vivendirat
1162 3487 1201 3545 io

135 3582 203 3622 nem
235 3564 332 3635 habet,
363 3567 480 3623 beatum
511 3565 626 3625 omnino
657 3586 729 3637 esse,
760 3566 817 3625 imo
837 3566 925 3642 vulgo
945 3567 1111 3635 beatiorem,
1134 3566 1202 3643 quia

134 3647 242 3720 praeter
272 3664 358 3703 veras
389 3644 546 3721 opiniones,
578 3646 687 3705 clarum
717 3647 835 3722 insuper
862 3652 892 3706 et
919 3646 1084 3705 distinctum
1112 3647 1202 3706 habet

132 3729 316 3800 conceptmn.
337 3724 468 3800 Denique
488 3725 627 3801 sequitur,
649 3745 724 3797 eum,
745 3727 867 3802 quibas
887 3727 1023 3786 historias
1043 3727 1200 3803 Scriptura

134 3803 262 3878 ignorat,
291 3823 345 3863 nec
364 3805 471 3864 lumine
491 3806 617 3864 naturali
637 3806 745 3883 aliquid
765 3806 857 3879 novit,
878 3807 903 3864 si
922 3827 981 3865 non
1000 3807 1118 3884 impimn
1139 3808 1200 3866 sive

134 3887 345 3957 contumacem,
376 3884 565 3944 inhumanum
595 3891 692 3945 tamen
723 3907 786 3946 esse
817 3891 847 3945 et
876 3906 960 3963 paene
989 3890 1116 3958 brutum,
1147 3906 1201 3945 nec
