2784 4392
151 368 191 425 30
600 383 769 423 renuamus

154 557 297 628 spectant,
330 551 438 610 directe
459 571 518 609 non
539 550 633 620 docet,
654 548 722 625 quia
741 549 804 623 ejus
824 568 882 606 non
902 554 946 606 est
969 553 1012 617 (ut
1032 546 1108 606 circa
1128 548 1220 623 legem

155 632 284 691 divinam
312 630 498 707 ostendimus)
520 649 567 688 res
588 649 641 705 per
661 648 764 688 causas
784 629 942 704 naturales,
964 648 1056 704 neque
1077 648 1222 687 reamare

155 711 350 788 speculativas
371 712 481 770 docere.
504 711 601 780 Quare
620 708 658 781 id,
679 709 755 783 quod
776 708 823 766 hie
842 710 983 779 volumus,
1005 708 1221 784 exquibusdam

156 791 316 868 Scripturas
337 790 482 861 Historiis,
505 810 569 866 quae
591 809 659 848 casu
678 788 820 864 prolixius
839 794 869 846 et
888 789 1019 864 pluribus
1037 788 1217 865 circumstan-

159 871 208 931 tiis
228 877 393 941 narrantur,
415 890 467 946 per
488 869 722 945 consequentiam
744 868 912 927 eliciendum
933 873 993 941 est;
1014 868 1223 944 talinmitaquc

157 952 270 1028 aliquot
289 952 320 1010 in
340 951 465 1009 medium
486 951 639 1027 proferam.
661 949 699 1008 In
719 949 806 1007 Libro
829 950 855 1009 1.
875 949 1036 1008 Shamutlis
1055 969 1118 1025 cap.
1139 951 1167 1019 9,
1178 969 1222 1007 νε.

161 1034 207 1104 15,
232 1035 278 1091 16.
300 1036 446 1102 narratur,
468 1031 544 1107 quod
566 1031 645 1088 Deus
666 1028 813 1088 Shamutli
832 1029 983 1099 revelavit,
1004 1049 1035 1088 se
1056 1030 1172 1088 Saulum
1186 1030 1223 1087 ad

158 1132 225 1171 eum
256 1112 425 1182 missurum
447 1131 501 1169 neo
520 1116 618 1169 tamen
639 1111 719 1168 Deus
739 1128 805 1167 eum
825 1109 862 1167 ad
883 1109 1062 1168 shamuelem
1083 1109 1169 1180 misit,
1190 1114 1223 1167 ut

158 1192 290 1251 homines
322 1193 415 1251 solent
445 1191 569 1267 aliquem
591 1191 627 1248 ad
648 1189 735 1248 alium
756 1189 879 1260 mittere,
901 1190 951 1248 sed
971 1190 1033 1249 haec
1053 1189 1107 1248 Dei
1125 1189 1223 1248 missio

158 1272 232 1331 nihil
252 1273 329 1331 aliud
349 1272 406 1330 fuit
425 1292 510 1347 quam
532 1271 594 1346 ipse
613 1270 733 1329 Naturae
753 1271 836 1339 ordo;
852 1272 999 1345 quaerebat
1012 1270 1145 1328 nimirum
1157 1270 1225 1328 Saul

159 1352 252 1427 (utin
273 1353 412 1428 praedicto
434 1351 529 1427 capite
549 1351 696 1419 narratur)
718 1349 824 1420 asinae,
845 1370 917 1425 quas
938 1351 1110 1425 perdiderat,
1127 1350 1223 1426 etjam

158 1435 269 1508 absque
298 1433 334 1491 iis
365 1433 478 1490 domum
509 1431 603 1489 redire
634 1431 805 1500 deliberans,
837 1448 875 1488 ex
905 1430 1024 1489 oonsilio
1054 1430 1099 1488 sui
1125 1430 1225 1489 famuli

159 1513 339 1571 Shamuelem
371 1512 547 1587 Prophetam
578 1510 678 1580 adivit,
710 1514 744 1568 ut
774 1530 812 1568 ex
839 1529 873 1569 eo
904 1511 999 1581 sciret,
1030 1511 1079 1569 ubi
1110 1511 1223 1569 easdem

159 1593 292 1651 invenire
322 1596 436 1668 posset3
462 1611 515 1649 nec
536 1611 573 1649 ex
594 1595 657 1648 tota
678 1590 845 1648 narratione
865 1596 988 1660 constat,
1010 1591 1126 1649 Saulum
1139 1590 1225 1649 alind

161 1673 215 1731 Dei
253 1674 421 1732 mandatum
459 1676 567 1747 praeter
601 1672 680 1729 hunc
710 1670 829 1729 Naturae
859 1671 988 1728 ordinem
1018 1671 1162 1737 habuisse,
1192 1675 1225 1728 ut

160 1753 342 1812 Shamuelem
374 1752 475 1810 adiret.
505 1752 539 1809 In
561 1752 667 1810 Psalm.
691 1753 758 1809 105.
779 1770 823 1808 νε.
845 1752 892 1808 24.
915 1750 1029 1820 dicitur,
1050 1752 1126 1826 quod
1147 1752 1226 1809 Deus

160 1834 365 1909 AEgyptiorum
386 1831 512 1890 animum
533 1831 667 1904 mutavit,
689 1835 723 1888 ut
744 1830 808 1888 odio
829 1831 970 1888 haberent
989 1831 1226 1906 Israelitas3quae

158 1913 247 1971 etiam
278 1913 400 1971 mutatio
428 1911 569 1969 naturalis
588 1912 674 1986 plane
693 1910 758 1982 tuit,
779 1914 812 1968 ut
831 1915 913 1986 patet
933 1930 970 1969 ex
991 1931 1053 1986 cap.
1077 1914 1103 1969 1.
1125 1910 1225 1979 Exodi,

161 1992 212 2051 ubi
243 1994 317 2051 ratio
348 2011 406 2050 non
437 1991 510 2050 levis
539 1991 741 2066 AEgyptiorum
775 1996 919 2063 narratur,
951 2011 1014 2065 quae
1046 2011 1097 2050 eos
1126 1990 1225 2059 movit,

161 2066 310 2131 israelitas
340 2074 377 2131 ad
408 2072 578 2130 servitutem
609 2071 749 2146 redigere.
781 2070 850 2146 Cap.
875 2072 903 2128 9.
925 2071 1029 2130 Genes.
1051 2092 1094 2130 vs.
1118 2072 1163 2129 13.
1185 2069 1227 2128 ait

160 2154 242 2211 Deus
270 2153 351 2225 Noae,
383 2172 414 2210 se
442 2152 543 2210 iridem
563 2151 593 2209 in
615 2153 690 2209 nube
712 2151 861 2221 daturum3
884 2171 949 2226 quae
970 2151 1056 2209 etiam
1077 2150 1131 2209 Dei
1152 2150 1226 2208 actio

166 2233 244 2292 nulla
275 2253 345 2292 sane
377 2233 434 2290 alia
464 2238 517 2302 est,
550 2231 605 2289 nisi
632 2231 778 2290 radiorum
806 2231 873 2289 solis
893 2231 1028 2289 retractio
1049 2235 1079 2289 et
1099 2230 1225 2302 reflexio,

163 2333 252 2388 quam
272 2313 327 2388 ipsi
347 2312 421 2371 radii
441 2311 471 2369 in
492 2331 577 2387 aquae
599 2310 722 2386 guttulis
734 2311 894 2386 patiuntur.
909 2312 1022 2369 Psalmo
1039 2313 1105 2370 147.
1119 2332 1163 2369 vs.
1179 2312 1226 2369 18.

164 2399 285 2450 vocatur
315 2393 365 2450 illa
392 2392 473 2450 venti
499 2392 642 2450 naturalis
670 2391 745 2450 actio
766 2397 796 2449 et
816 2392 902 2461 calor,
924 2411 981 2467 quo
1000 2392 1105 2468 pruina
1126 2397 1156 2471 et
1176 2392 1227 2449 nix
1331 2398 1334 2401 ’

164 2472 334 2549 liquescunt,
366 2474 486 2531 verbum
514 2471 583 2543 Dei;
612 2477 642 2530 et
668 2492 711 2530 νε.
743 2474 789 2529 15.
817 2472 925 2530 dictum
945 2471 999 2530 Dei
1019 2477 1049 2530 et
1070 2474 1188 2531 verbum
1210 2473 1226 2504 *

162 2557 268 2610 ventus
289 2560 318 2610 et
338 2552 431 2628 frigus
451 2557 608 2624 vocantur;
631 2558 736 2611 ventus
756 2555 786 2609 et
805 2552 882 2626 ignis
902 2557 1044 2610 vocantur
1063 2552 1093 2610 in
1113 2553 1227 2610 Psalmo

166 2634 232 2691 104.
263 2652 306 2692 vs.
339 2635 367 2691 4.
398 2633 488 2708 legati
519 2637 549 2690 et
575 2632 700 2691 ministri
726 2632 788 2691 Dei.
817 2633 855 2690 Et
882 2631 939 2690 alia
959 2632 996 2690 ad
1017 2633 1094 2690 hunc
1112 2634 1227 2690 modum

162 2713 248 2789 plura
277 2713 306 2771 in
336 2713 484 2789 Scriptura
512 2712 704 2788 reperiuntur,
733 2732 797 2786 quac
826 2711 982 2770 clarissime
1008 2712 1146 2783 indicant,
1174 2712 1229 2771 Dei

162 2794 319 2863 decretum,
349 2794 470 2869 jussum,
502 2793 618 2863 dictum,
647 2798 677 2851 et
704 2794 823 2850 verbum
851 2792 923 2851 nihil
949 2791 1119 2862 aliudesse,
1142 2812 1228 2867 quam

164 2873 256 2948 ipsam
288 2873 408 2932 Naturae
440 2873 582 2932 actionem
614 2878 643 2931 et
670 2872 807 2931 ordinem.
837 2872 931 2941 Quare
958 2891 1015 2929 nou
1037 2872 1155 2930 dubium
1174 2877 1228 2940 est,

166 2953 236 3029 quin
257 2954 361 3024 omnia,
383 2974 449 3030 quae
463 2954 493 3012 in
508 2953 658 3028 Scriptura
671 2958 837 3022 narrantur,
853 2951 1024 3010 naturaliter
1037 2951 1228 3026 contigerint;

163 3038 304 3092 ettamen
320 3035 355 3092 ad
370 3035 463 3092 Deum
477 3035 650 3103 referuntur,
666 3033 735 3108 quia
748 3033 913 3107 Scriptura,
929 3036 962 3089 ut
973 3032 1032 3108 jam
1044 3031 1228 3102 ostendimus,

164 3133 223 3171 non
254 3118 306 3184 est,
339 3132 386 3171 res
413 3133 465 3188 par
485 3132 588 3171 causas
608 3113 757 3181 naturales
777 3112 887 3183 docere,
908 3112 958 3170 sed
979 3117 1092 3171 tantum
1114 3132 1163 3170 eas
1183 3131 1230 3170 res

166 3212 295 3263 narrare,
328 3212 393 3267 quac
424 3192 660 3266 imaginationem
681 3192 741 3250 late
762 3196 911 3266 occupant,
932 3191 1020 3267 idque
1040 3212 1075 3250 ea
1094 3192 1229 3251 methodo

166 3277 198 3330 et
218 3273 303 3348 stylo,
325 3271 376 3347 qui
395 3272 497 3330 melius
517 3272 640 3330 inservit
660 3271 696 3329 ad
718 3290 765 3329 res
784 3272 879 3346 magis
899 3271 1106 3344 admirandum,
1121 3277 1151 3330 et
1164 3291 1229 3330 con·
1294 3290 1302 3294 ’

166 3357 322 3428 sequenter
342 3353 377 3410 ad
400 3351 579 3410 devotionem
599 3352 629 3409 in
643 3350 747 3409 animis
761 3351 841 3426 vulgi
853 3351 1082 3427 imprimendum.
1097 3352 1128 3411 Si
1140 3352 1231 3428 igitur

165 3434 299 3507 quaedam
330 3432 360 3490 in
391 3431 482 3490 sacris
512 3431 604 3490 literis
633 3430 826 3507 reperiuntur,
848 3451 967 3505 quorum
988 3452 1091 3491 causas
1110 3433 1230 3491 reddere

167 3512 318 3583 nescimus,
340 3518 370 3570 et
391 3533 455 3588 quae
477 3516 594 3587 praeter,
615 3512 671 3569 imo
692 3516 794 3570 contra
815 3511 943 3569 ordinem
960 3511 1081 3571 Naturae
1095 3512 1231 3572 videntur

166 3592 332 3667 contigisse,
364 3612 399 3651 ea
428 3612 537 3650 moram
568 3591 651 3650 nobis
680 3591 799 3667 injicere
829 3610 886 3649 non
908 3593 1021 3662 debent,
1043 3592 1094 3650 sed
1114 3592 1229 3651 omnino

169 3673 350 3744 credendum,
372 3673 410 3741 id,
426 3673 502 3747 quod
517 3691 619 3731 revera
633 3671 764 3746 contigit,
779 3671 950 3747 naturaliter
964 3671 1134 3746 contigisse3
1152 3672 1229 3747 quod

195 3847 205 3868 ⁸
221 3848 268 3894 Ed.
285 3849 339 3894 Pr.:
356 3849 446 3894 dictum
462 3852 485 3892 et
500 3847 548 3892 ees·
563 3847 666 3893 mm.
