2784 4392
175 308 213 365 38
629 325 800 364 rnacrarns

174 499 208 554 ut
233 494 412 570 Scripturam
433 494 527 569 magis
548 494 728 553 admirentur
749 498 779 552 et
796 497 982 563 venerentur,
1004 513 1069 551 eam
1088 493 1131 551 ita
1152 493 1246 570 expli·

174 595 241 634 care
262 576 409 645 studeant,
432 580 465 633 ut
485 574 540 645 hia,
563 574 681 633 Rationi
702 574 811 633 scilicet
832 579 862 632 et
875 574 1005 647 Naturae,
1021 593 1107 649 quam
1120 574 1249 633 maxime

173 674 338 731 repugnare
370 654 519 725 videatur3
550 654 672 731 ideoque
702 654 733 712 in
763 654 859 712 Sacris
890 653 997 713 Litoris
1022 654 1248 729 profundissima

173 735 313 811 mysteria
338 735 429 793 latere
450 734 605 806 somniant,
626 734 706 792 etin
727 734 771 806 iis,
793 735 848 793 hoc
869 738 923 805 est,
944 733 975 792 in
996 734 1129 793 absurdis
1149 734 1246 792 inves-

174 815 311 891 tigandis,
346 814 460 873 caeteris
491 813 609 873 utilibus
640 814 790 890 neglectis,
823 814 1035 890 defatigantur3
1061 819 1092 872 et
1112 814 1246 890 quicquid

174 894 216 954 sic
247 894 394 953 delirando
427 895 550 969 fingunt,
583 895 613 952 id
645 914 729 953 omne
761 894 881 970 Spiritui
912 894 1018 953 Sancto
1049 894 1189 965 tribuunt,
1216 899 1250 953 et

175 995 286 1033 summa
306 975 337 1033 vi
357 978 444 1050 atque
465 975 620 1033 affectuum
640 975 751 1050 impetu
771 975 925 1041 defendere
942 978 1094 1033 conantur.
1108 975 1155 1033 lta
1170 973 1247 1033 enim

175 1075 240 1114 cum
271 1054 435 1113 hominibus
465 1059 664 1131 comparatum
695 1059 750 1125 eat,
782 1059 815 1113 ut
847 1054 983 1130 quicquid
1003 1074 1076 1130 puro
1096 1054 1246 1114 intellectu

175 1134 351 1210 concipiunt,
372 1136 434 1194 solo
454 1134 603 1194 intellectu
624 1140 654 1194 et
674 1135 814 1207 Ratione;
837 1134 973 1211 quicquid
991 1140 1092 1193 contra
1106 1134 1248 1193 exanimi

174 1215 336 1275 Affectibus
357 1214 522 1292 opinantur,
544 1215 646 1274 iisdem
667 1215 755 1274 etiam
776 1215 942 1274 defendant.
964 1215 1006 1274 Ut
1027 1218 1124 1274 autem
1146 1217 1183 1273 ab
1200 1215 1248 1274 his

174 1295 268 1354 turbis
282 1295 467 1367 extricemur,
482 1301 513 1354 et
525 1301 652 1354 mentem
666 1315 684 1354 a
700 1295 876 1370 praejudiciis
890 1295 1073 1371 Theologicis
1082 1294 1245 1368 liberemus,

174 1395 228 1435 nec
248 1380 357 1434 temere
377 1376 526 1434 hominum
546 1376 687 1451 figmenta
707 1395 759 1450 pro
779 1375 886 1434 divinis
899 1375 1079 1434 documentis
1092 1377 1247 1451 amplecta-

173 1475 248 1526 mur,
271 1456 354 1514 nobis
375 1456 410 1513 de
431 1475 502 1514 vera
523 1456 658 1514 methodo
680 1455 859 1531 Scripturam
876 1454 1088 1530 interpretandi
1101 1455 1246 1530 agendum

174 1540 228 1607 est,
260 1540 291 1593 et
323 1536 358 1594 de
387 1535 486 1593 eadem
508 1535 721 1594 disserendum:
745 1536 800 1594 hac
821 1535 897 1594 enim
917 1535 1054 1610 ignorata
1074 1535 1145 1593 nihil
1166 1539 1246 1594 certo

174 1615 249 1674 scire
270 1635 432 1691 possumus,
455 1615 523 1690 quid
546 1615 705 1691 Scriptura,
728 1615 833 1690 quidve
855 1615 980 1691 Spiritus
1002 1616 1126 1675 Sanctus
1143 1617 1249 1674 docere

174 1696 247 1754 vult.
279 1696 351 1754 Eam
383 1699 489 1766 autem,
522 1700 554 1754 ut
586 1695 633 1754 hic
664 1697 765 1771 paucis
788 1695 972 1772 complectar,
995 1696 1058 1755 dico
1079 1696 1246 1754 methodum

173 1774 386 1851 interpretandi
407 1775 586 1851 Scripturam
608 1777 685 1835 haud
708 1775 823 1834 differre
844 1796 862 1834 a
882 1777 1018 1835 methodo
1035 1775 1246 1852 interpretandi

174 1854 325 1927 Naturam,
348 1855 398 1913 sed
421 1873 487 1913 cum
508 1875 542 1914 ea
563 1875 683 1932 prorsus
705 1855 876 1915 convenire·
892 1857 965 1915 Nam
989 1856 1074 1915 sicuti
1093 1857 1247 1915 methodus

174 1935 386 2012 interpretandi
416 1935 557 1994 Naturam
588 1936 619 1994 in
644 1937 706 1995 hoc
737 1935 918 2012 potissimum
947 1936 1088 2008 consistit,
1120 1935 1150 1994 in
1181 1940 1246 1995 con·
1313 2009 1319 2017 „

174 2015 319 2074 cinnanda
350 2014 459 2075 scilicet
490 2016 613 2075 historia
643 2016 774 2088 Naturae,
807 2036 845 2075 ex
879 2036 946 2093 qua,
977 2020 1079 2092 utpote
1101 2035 1139 2075 ex
1159 2015 1247 2075 certis

175 2095 259 2167 datis,
288 2116 385 2155 rerum
406 2096 582 2157 naturalium
603 2096 785 2155 definitiones
806 2096 1017 2167 concludimus;
1039 2097 1081 2155 sic
1101 2096 1189 2154 etiam
1209 2097 1245 2155 ad

175 2176 354 2252 Scripturam
374 2176 623 2251 interpretandam
644 2196 761 2235 necesse
782 2181 828 2235 est
848 2177 910 2253 ejus
931 2177 1073 2235 sinceram
1095 2176 1246 2235 historiam

174 2257 326 2328 ademare,
348 2261 378 2315 et
399 2276 437 2315 ex
458 2257 493 2315 ea
513 2261 653 2332 tanquam
672 2277 711 2315 ex
724 2256 812 2316 certis
825 2256 902 2315 datis
915 2261 945 2315 et
958 2256 1107 2332 principiis
1120 2260 1246 2315 mentem

175 2337 330 2395 authorum
351 2336 510 2412 Scriptura
531 2336 668 2412 legitimis
686 2336 901 2412 consequentiis
915 2337 1094 2396 concludere.
1109 2336 1156 2395 Sic
1170 2336 1246 2395 enim

175 2416 370 2492 unusquisque
401 2415 439 2490 (si
468 2415 602 2475 nimirum
635 2417 716 2476 nulla
745 2416 803 2476 alia
833 2416 975 2493 principia
996 2436 1088 2492 neque
1109 2417 1187 2487 data,
1208 2417 1246 2475 ad

174 2495 423 2572 interpretandam
456 2495 635 2572 Scripturam
664 2501 695 2555 et
726 2497 762 2558 de
792 2499 887 2569 rebus,
918 2517 984 2572 quae
1004 2497 1035 2554 in
1056 2497 1156 2555 eadem
1177 2516 1246 2554 con·

174 2575 313 2649 tinentur,
347 2575 553 2648 disserendum,
578 2577 736 2648 admiserit,
757 2576 814 2635 nisi
834 2596 869 2635 ea
889 2578 1099 2648 tantummodo,
1121 2597 1187 2652 quae
1208 2596 1246 2635 ex

172 2655 237 2732 ipsa
261 2655 411 2732 Scriptura
431 2657 550 2732 ejusque
570 2656 693 2716 historia
714 2657 934 2733 depromuntur)
957 2657 1019 2716 sine
1039 2657 1097 2715 ullo
1118 2657 1245 2732 periculo

174 2735 290 2794 errandi
311 2754 424 2812 semper
443 2737 588 2813 procedet,
610 2742 641 2796 et
661 2738 698 2796 de
717 2736 762 2809 iis,
785 2757 851 2813 quae
872 2742 1004 2796 nostrum
1025 2741 1141 2812 captum
1160 2756 1245 2812 supe·

174 2820 251 2888 rant,
284 2836 381 2892 reque.
398 2836 498 2875 secure
528 2816 669 2876 disserere
699 2817 816 2893 poterit,
848 2836 883 2875 ac
914 2818 950 2876 de
972 2817 1018 2889 iis,
1039 2837 1103 2892 quae
1124 2816 1247 2875 Lumine

175 2893 308 2956 Naturali
339 2897 547 2972 cognoscimus.
579 2897 644 2969 Sed,
676 2902 710 2956 ut
741 2897 818 2955 clare
848 2901 970 2967 constet,
992 2898 1068 2955 hanc
1089 2896 1166 2956 viam
1186 2916 1245 2955 non

173 2980 287 3036 tantum
320 2982 438 3049 certam,
470 2976 630 3037 sedetiam
650 2977 764 3036 unicam
786 2996 858 3051 esse,
880 2997 1001 3054 eamque
1023 2997 1088 3036 cum
1108 2977 1247 3035 methodo

174 3056 547 3133 interpretandiNaturam
570 3057 734 3131 convenire,
759 3058 928 3129 notandum,
951 3058 1026 3134 quod
1047 3057 1196 3132 Scriptura
1210 3057 1249 3116 de

174 3138 260 3194 rebus
284 3135 442 3212 saepissime
464 3137 535 3213 agit,
556 3158 622 3213 qnae
643 3156 681 3196 ex
702 3136 851 3213 principiis
871 3136 994 3196 Lumine
1013 3136 1147 3196 Naturali
1167 3136 1248 3195 notis

141 3284 146 3297 ,
175 3215 278 3274 deduci
298 3221 461 3292 nequeunt3
483 3217 546 3293 ejus
566 3216 642 3275 enim
662 3216 818 3275 maximam
839 3221 952 3292 partem
972 3217 1103 3276 historiae
1121 3221 1152 3275 et
1165 3236 1245 3275 reve·

174 3295 299 3354 lationes
319 3301 508 3373 componunt:
530 3301 562 3355 at
583 3296 712 3355 historiae
733 3296 873 3355 miracula
889 3297 1071 3372 potissimum
1085 3296 1245 3370 continent,

175 3376 230 3434 hoc
261 3380 307 3434 est
326 3378 338 3451 (
359 3381 372 3434 t
391 3376 423 3435 in
443 3376 591 3452 superiore
612 3376 714 3452 Capite
734 3376 924 3452 ostendimus)
945 3377 1128 3436 narrationes
1148 3396 1245 3435 rerum

173 3454 355 3515 insolitarum
386 3457 516 3528 Natura,
549 3455 731 3532 opinionibus
761 3460 791 3515 et
816 3456 932 3532 judiciis
952 3456 1173 3527 Historicorum,
1195 3456 1245 3532 qui

173 3554 224 3594 eas
254 3536 441 3613 scripserunt,
463 3537 708 3607 accommodatam
730 3537 923 3597 revelationes
944 3542 1041 3596 autem
1062 3536 1247 3614 opinionibus

173 3615 261 3674 etiam
291 3617 504 3692 Prophetarum
535 3617 758 3675 accommodatae
790 3623 867 3689 sunt,
899 3622 932 3676 ut
961 3617 992 3676 in
1023 3617 1148 3676 secundo
1173 3616 1246 3692 Cap·

174 3696 359 3770 ostendimus,
389 3700 419 3754 et
441 3695 513 3772 ipsae
534 3715 638 3756 revera
658 3702 775 3773 captum
797 3698 953 3756 humanum
974 3701 1123 3773 superant.
1145 3697 1244 3766 Quare

175 3775 302 3850 cognitio
333 3776 438 3836 horum
459 3775 594 3851 omnium,
616 3778 671 3836 hoc
692 3783 746 3853 est,
769 3778 894 3837 omnium
915 3779 977 3836 fere
998 3796 1103 3851 rerum,
1126 3796 1192 3852 quae
1211 3776 1244 3834 in
