2784 4392
419 400 423 407 ,
451 380 770 422 runonoerco-rommer
791 381 855 422 car.
877 381 930 421 vu.
1186 364 1225 422 39

152 548 304 625 Scriptura
325 547 520 623 continentur,
543 551 580 608 ab
599 550 664 626 ipsa
685 550 835 626 Scriptura
856 551 918 609 sola
937 548 997 626 peti
1020 550 1120 609 debet:
1138 550 1224 610 sicuti

153 629 281 704 cognitio
309 627 429 687 Naturae
452 631 490 687 ab
510 629 574 705 ipsa
594 631 716 690 Natura.
740 631 823 701 Quod
843 631 879 689 ad
902 630 1075 689 documenta
1094 630 1222 705 moralia,

153 729 219 785 quae
242 708 330 767 etiam
350 708 381 766 in
401 708 503 767 Bibliis
520 710 716 782 continentur,
731 711 847 783 attinet,
862 711 918 769 etsi
930 711 993 787 ipsa
1008 730 1046 768 ex
1059 710 1225 769 notionibus

153 788 353 848 communibus
383 789 577 848 demonstrari
597 795 730 867 possunt,
752 811 811 850 non
830 796 927 866 potest
947 795 1046 849 tamen
1066 810 1105 849 ex
1122 790 1224 850 iisdem

152 868 356 940 demonstrari,
389 868 568 945 Scripturam
599 872 701 929 eadem
732 871 844 945 dooere,
871 871 921 929 sed
947 871 1002 929 hoc
1022 891 1060 930 ex
1081 872 1142 930 sola
1161 870 1225 947 ipsa

153 949 304 1025 Scriptura
334 954 468 1007 constare
499 955 605 1025 potest.
637 951 700 1009 Imo
731 951 757 1009 si
787 950 849 1009 sine
878 949 1046 1026 praejudicio
1067 950 1224 1027 Scriptura

151 1029 333 1088 divinitatem
355 1029 458 1087 testari
478 1030 620 1104 volumus,
642 1031 726 1090 nobis
739 1051 777 1090 ex
791 1031 892 1090 eadem
905 1032 967 1089 sola
981 1035 1115 1090 constare
1129 1032 1223 1103 debet,

149 1109 255 1186 ipsam'
275 1128 346 1168 vera
377 1109 550 1169 docmnenta
570 1111 691 1170 moralia
712 1112 829 1183 docere;
851 1130 889 1169 ex
909 1112 964 1170 hoc
984 1110 1060 1170 enim
1081 1111 1142 1170 solo
1162 1112 1225 1187 ejus
1247 1146 1250 1159 ‹

151 1189 290 1248 divinitas
321 1190 514 1249 demonstrari
543 1195 660 1266 potest:
688 1211 756 1250 nam
787 1190 988 1251 certitudinem
1012 1191 1225 1266 Prophetarum

151 1289 188 1328 ex
213 1270 269 1328 hoc
289 1269 435 1345 praecipue
457 1274 592 1330 constare
613 1271 799 1346 ostendimus,
822 1271 898 1348 quod
919 1271 1075 1347 Prophetae
1096 1271 1224 1330 animum

150 1350 187 1407 ad
221 1369 336 1425 aequum
367 1354 398 1407 et
428 1352 535 1409 bonum
564 1349 737 1410 inclinatum
768 1353 924 1411 habebant.
957 1351 1053 1420 Quare
1073 1352 1128 1409 hoc
1147 1351 1224 1411 idem

151 1429 238 1488 etiam
270 1429 354 1488 nobis
385 1434 520 1489 constare
552 1431 647 1505 debet,
678 1436 712 1490 ut
740 1432 825 1490 fidem
853 1431 924 1507 ipsis
943 1431 1086 1507 possimus
1106 1432 1222 1491 habere.

149 1510 197 1568 Ex
228 1508 376 1568 miraculis
406 1514 504 1569 autem
534 1510 590 1570 Dei
614 1511 797 1570 divinitatem
817 1531 876 1570 non
896 1531 981 1587 posse
1002 1511 1143 1583 convinci,
1162 1513 1223 1588 jam

90 1596 93 1599 ’
150 1589 240 1648 etiam
271 1590 547 1664 demonstravimus3
576 1596 610 1650 ut
628 1592 687 1668 jam
708 1596 830 1666 taceam,
852 1592 1038 1669 quodetiam
1058 1613 1077 1650 a
1096 1592 1225 1651 Pseudo-

149 1670 294 1745 propheta
319 1670 381 1728 fieri
405 1675 551 1746 poterant.
574 1671 671 1741 Quare
692 1670 1009 1748 Scripturaedivinitas
1029 1691 1067 1731 ex
1087 1673 1142 1731 hoc
1162 1673 1224 1731 solo

152 1754 287 1808 constare
317 1749 413 1822 debet,
445 1751 520 1826 quod
551 1751 615 1828 ipsa
642 1771 743 1811 veram
763 1752 904 1811 virtutem
925 1753 1035 1812 doceat.
1057 1752 1148 1827 Atqui
1168 1753 1223 1812 hoe

151 1848 190 1887 ex
210 1830 273 1888 sola
293 1829 443 1906 Scriptura
463 1835 598 1890 constare
617 1836 724 1907 potest.
746 1832 828 1902 Quod
850 1832 877 1891 si
893 1851 953 1891 non
966 1837 1065 1908 posset
1077 1832 1149 1906 fieri,
1164 1852 1223 1890 non

150 1909 214 1968 sine
235 1928 341 1985 magno
362 1910 530 1986 praejudicio
551 1913 672 1971 eandem
693 1913 946 1987 amplecteremur,
964 1917 993 1971 et
1013 1913 1049 1971 de
1070 1912 1132 1987 ejus
1152 1911 1223 1970 divi·

151 1989 244 2048 nitate
271 1993 454 2049 testaremur.
476 1991 551 2050 Tota
571 1991 672 2067 itaque
692 1992 851 2068 Scripturas
872 1992 999 2067 cognitio
1020 1994 1057 2050 ab
1077 1991 1141 2067 ipsa
1161 1993 1222 2051 sola

150 2069 212 2146 peti
244 2069 338 2129 debet,
363 2069 494 2146 Denique
516 2071 666 2148 Scriptura
686 2092 792 2143 rerum,
814 2072 850 2130 de
870 2071 973 2147 quibus
993 2071 1130 2148 loquitur,
1152 2072 1222 2130 defi-

151 2149 277 2208 nitiones
297 2168 356 2208 non
376 2150 476 2223 tradit,
498 2156 531 2210 ut
552 2171 605 2210 nec
625 2152 714 2210 etiam
728 2152 849 2211 Natura.
865 2152 969 2223 Quare,
985 2152 1222 2227 quemadmodum

99 2273 109 2285 ,
151 2249 189 2288 ex
222 2229 344 2288 diversis
375 2230 497 2290 Naturae
528 2231 689 2291 actionibus
718 2231 899 2291 definitiones
926 2250 1022 2290 rerum
1047 2232 1223 2291 naturalium

152 2310 357 2369 concludendas
389 2315 466 2383 sunt,
498 2312 598 2370 eodem
621 2313 706 2371 modo
727 2313 774 2371 hae
795 2331 833 2370 ex
854 2311 976 2377 diversis
996 2311 1220 2387 narrationibus,

153 2410 218 2465 quae
251 2391 287 2449 de
319 2409 492 2467 unaquaque
522 2411 555 2450 re
585 2392 617 2451 in
648 2392 770 2468 Scriptis
790 2396 954 2467 occurrunt,
976 2397 1044 2451 sunt
1064 2392 1220 2452 eliciendae.

151 2470 265 2545 Regula
295 2469 386 2545 igitur
418 2471 590 2531 universalis
621 2471 833 2548 interpretandi
863 2472 1041 2548 Scripturcm
1072 2477 1125 2544 est,
1150 2472 1222 2531 nihil

152 2549 311 2626 Scripturas
343 2555 483 2627 tanquam
512 2552 575 2628 ejus
595 2552 799 2611 documentum
819 2551 956 2625 tribuere,
978 2554 1054 2630 quod
1075 2552 1222 2628 exipsius

151 2629 274 2688 historia
284 2649 369 2705 quam
377 2630 502 2689 maxime
510 2637 694 2708 perspectum
702 2634 934 2692 nonhabeamus.
947 2633 1047 2704 Qualis
1054 2637 1151 2691 autem
1159 2633 1222 2708 ejus

150 2709 273 2769 historia
283 2710 388 2769 debeat
398 2730 469 2783 esse,
482 2715 512 2770 61
523 2732 588 2788 quae
596 2712 777 2788 potissimum
784 2732 930 2785 enarrare,
939 2713 987 2771 hic
991 2714 1052 2788 jam
1059 2711 1220 2771 dicendum.

190 2790 300 2865 Nempe
330 2790 354 2850 I.
387 2791 536 2850 continere
560 2792 646 2851 debet
665 2797 802 2852 naturam
822 2798 853 2851 et
872 2793 1066 2869 proprietates
1085 2792 1217 2867 Linguae,

151 2889 209 2946 qua
239 2869 306 2929 libri
337 2870 494 2947 Scripturas
526 2872 626 2948 scripti
646 2872 774 2945 filerunt,
797 2877 827 2931 et
847 2891 932 2948 quam
953 2891 1053 2931 eorum
1072 2872 1220 2931 Authores

150 2949 229 3025 loqui
252 2950 393 3010 solebant.
416 2951 463 3011 Sic
483 2951 559 3011 enim
580 2971 680 3011 omnes
701 2972 811 3026 sensus,
834 2971 905 3028 quos
925 2971 1106 3028 unaquaeque
1127 2952 1220 3011 oratio

150 3049 189 3088 ex
218 3030 362 3089 communi
385 3032 520 3107 loquendi
541 3052 596 3091 usu
616 3031 771 3091 admittere
791 3036 896 3109 potest,
917 3032 1096 3108 investigare
1116 3032 1220 3107 poteri·

151 3129 223 3169 mus.
257 3110 296 3168 llt
330 3110 399 3187 quia
429 3130 537 3181 omnes,
569 3117 629 3170 tam
660 3112 777 3172 Veteris
808 3133 895 3189 quam
924 3112 1001 3172 Novi
1031 3112 1217 3193 Testamenti,

150 3189 306 3265 scriptores
319 3191 439 3250 Hebraei
448 3192 575 3265 filerunt,
588 3197 700 3252 certum
712 3198 765 3267 est,
777 3192 935 3252 Historiam
947 3193 1055 3268 linguae
1066 3192 1219 3252 Hebraicae

150 3289 212 3345 prae
244 3269 376 3329 omnibus
406 3271 598 3331 necessariam
629 3292 702 3344 esse,
727 3293 786 3332 non
805 3278 920 3332 tantum
941 3275 977 3333 ad
997 3272 1219 3348 intelligentiam

151 3349 287 3409 librorum
319 3351 435 3411 Veteris
465 3353 653 3426 Testamenti,
681 3353 732 3429 qui
751 3354 807 3412 hac
826 3353 927 3429 lingua
948 3352 1049 3430 scripti
1069 3357 1148 3424 sunt,
1168 3354 1219 3413 sed

152 3429 239 3488 etiam
263 3429 354 3503 Novi3
375 3451 442 3490 nam
465 3432 598 3508 quamvis
619 3432 683 3492 aliis
703 3433 812 3509 linguis
832 3434 945 3509 vulgati
965 3433 1081 3507 firerint,
1104 3433 1218 3491 hebrei·

151 3514 220 3569 nant
239 3513 347 3570 tamen.

190 3590 230 3650 Π.
263 3590 429 3650 Sententias
451 3591 675 3668 uniuscujusque
695 3593 762 3652 libri
782 3593 917 3669 colligere
938 3593 1032 3662 debet,
1053 3611 1161 3668 easque
1181 3592 1219 3650 ad

153 3689 264 3730 summa
294 3671 391 3747 capita
415 3672 556 3747 redigere,
581 3677 613 3731 ut
634 3672 676 3732 sic
696 3692 804 3747 omnes,
826 3693 892 3749 quae
913 3672 1068 3731 decadem
1089 3693 1121 3731 re
1141 3691 1221 3749 repe

154 3749 277 3824 riuntur,
309 3751 341 3810 in
365 3756 500 3827 promptu
520 3753 628 3811 habere
648 3753 806 3828 possimus;
828 3751 932 3811 deinde
952 3772 1002 3811 eas
1023 3772 1130 3824 omnes,
1152 3773 1218 3828 quae

154 3831 297 3907 ambiguae
319 3832 367 3890 vel
386 3834 516 3891 obscurae
538 3837 616 3904 sunt,
637 3834 685 3892 vel
706 3854 771 3909 quae
791 3832 915 3891 invicem
936 3852 1100 3908 repugnare
1120 3831 1218 3892 viden·
