2784 4392
408 881 647 955 AUOTORIS
677 878 1057 953 ANNOTATIONES
1253 936 1255 942 Α

233 1017 288 1089 ΙΝ
325 1015 620 1089 TRAOTATUM
652 1011 1239 1087 THuenuuleu-POLITIOUM

293 1149 413 1223 POST
443 1149 627 1222 LIBRUM
660 1149 850 1221 EDITUM
878 1147 1175 1220 ADSORIPTAE.

727 1593 742 1651 I

576 1755 619 1812 (ad
635 1767 692 1814 pag.
709 1753 764 1811 257,
786 1757 847 1800 tom.
865 1754 896 1810 Ι).

241 1899 419 1957 Μῶα-ΒΗ.
451 1899 552 1956 Mean.
585 1896 748 1954 Verborum
775 1895 863 1954 tertia
890 1894 1034 1966 radicalis,
1064 1893 1089 1953 si
1109 1914 1147 1952 ex
1169 1894 1206 1952 iis
1227 1895 1273 1965 sit,

200 1999 266 2056 quse
299 1979 480 2055 quiescentes
511 1981 661 2048 vocantur,
694 1976 768 2034 solet
796 1975 898 2043 omitti,
928 1980 958 2033 et
978 1975 1042 2051 ejus
1061 1975 1124 2033 loco
1146 1976 1275 2033 secunda

199 2100 336 2159 thematis
367 2099 453 2158 litera
484 2096 633 2174 duplicari,
662 2102 696 2156 ut
724 2117 763 2156 ex
782 2068 853 2178 ΠΒΡ,
875 2095 979 2154 omisso
1000 2098 1023 2154 Π
1044 2094 1219 2170 quiescente,
1242 2097 1275 2154 fit

199 2216 276 2329 ee,
303 2248 345 2321 [ee
366 2266 404 2305 ex
423 2246 481 2329 κς)
501 2246 536 2304 fit.
555 2236 628 2320 ψ’),
650 2245 727 2304 unde
749 2245 855 2303 ornan
881 2243 925 2319 :a
949 2244 1059 2320 roqueta
1079 2243 1141 2303 sivo
1162 2247 1276 2319 oratio,-

200 2353 242 2412 sic
259 2372 297 2412 ex
317 2354 373 2410 &12
393 2353 427 2409 fit
446 2354 487 2409 ur
509 2353 555 2411 vel
577 2355 619 2410 Π)
857 2401 863 2412 .
1066 2403 1071 2414 .

302 2433 370 2504 (no
387 2433 447 2491 aaa>
468 2433 559 2491 naun
577 2433 645 2491 nau
663 2434 742 2491 :our
759 2435 827 2492 nur
844 2401 949 2498 toret:
966 2402 1024 2490 ‘es
1043 2417 1172 2508 nini*

243 2510 357 2586 Optime
367 2509 458 2584 igitur
468 2512 503 2569 R.
515 2510 627 2569 Selomo
640 2512 659 2569 J
661 2511 742 2570 arohi
752 2512 807 2570 hoc
818 2514 939 2570 verbum
950 2512 1009 2570 rm
1020 2515 1053 2548 ²¹³*
1063 2512 1277 2588 interpretatus

203 2595 263 2661 est3
286 2591 336 2649 sed
356 2590 431 2649 male
452 2593 488 2648 ab
510 2591 594 2649 Aben
615 2591 699 2661 Erre,
721 2591 770 2667 qui
790 2591 920 2666 linguam
940 2591 1114 2651 Hebraioam
1129 2612 1189 2651 non
1203 2592 1276 2650 adeo

204 2675 306 2729 exacte
327 2670 417 2742 novit,
439 2670 577 2745 carpitur.
593 2671 739 2730 Praeterea
752 2672 920 2742 notandum,
936 2692 1040 2730 nomen
1054 2673 1146 2732 n'itim
1159 2671 1277 2731 univer·

201 2751 262 2809 sale
292 2770 364 2822 esse,
397 2755 427 2809 et
455 2770 539 2810 omne
559 2751 753 2825 prophetandi
775 2772 867 2826 genus
887 2753 1140 2828 comprehendere,
1157 2752 1277 2828 reliqua

203 2836 298 2890 autem
330 2831 447 2890 nomina
477 2830 647 2905 specialiora
678 2850 750 2903 esse,
782 2836 812 2890 et
843 2832 967 2890 maxime
988 2836 1039 2904 *q*
1060 2834 1115 2892 hoc
1136 2833 1185 2892 vel
1204 2832 1277 2891 illud

201 2911 393 2988 prophetandi
415 2930 507 2986 genus
528 2910 684 2985 respicere3
707 2912 782 2987 quod
804 2911 896 2970 doctis
917 2917 1017 2970 notum
1039 2932 1102 2971 esse
1123 2913 1220 2971 credo.

233 3045 245 3072 *
269 3046 328 3090 Haec
351 3044 429 3090 verba
445 3058 459 3090 e
476 3045 549 3091 codd.
566 3042 619 3090 LB.
636 3048 663 3091 et
679 3058 726 3091 suo
742 3046 859 3121 restituit
876 3044 1010 3093 Boehmer.
1027 3072 1058 3080 -
1075 3046 1238 3093 Martianus:
1255 3053 1278 3093 et

201 3147 289 3193 caindo
315 3133 366 3227 5117
381 3147 484 3205 loquela
500 3149 550 3194 cive
567 3149 657 3195 oratio.
676 3148 716 3194 Sic
732 3163 762 3194 ex
777 3150 835 3208 xm
849 3150 879 3208 fit
894 3150 997 3208 mmm·

234 3252 259 3279 ¹³*
275 3251 355 3298 Murr.
371 3253 414 3297 hoe
430 3253 528 3299 verbum
540 3256 707 3314 prophetiam.
802 3255 840 3315 *q*
857 3257 895 3303 M:
912 3257 994 3302 mixte.

727 3433 757 3491 H

578 3590 621 3649 (ad
637 3605 696 3650 pag.
714 3591 767 3651 358,
790 3591 898 3648 tom.1).

243 3732 368 3789 Rneron.
399 3731 458 3789 LB.
481 3732 582 3789 Mnaa.
604 3732 668 3790 Hoc
689 3736 735 3790 est
755 3731 810 3791 Dei
829 3731 1012 3809 interpretes.
1035 3733 1109 3791 Nam
1131 3734 1280 3812 interpres

203 3809 258 3867 Dei
290 3810 316 3868 is
338 3816 391 3881 est,
413 3811 462 3885 qui
482 3811 536 3868 Dei
558 3811 674 3869 decreta
696 3814 756 3885 [M:
777 3812 833 3887 ipsi
852 3814 994 3886 revelata]
1017 3813 1081 3872 aliis
1102 3812 1279 3890 interpreta-
