2784 4392
466 405 780 445 rfln0L0e100·POL1r101
802 407 869 446 CAP.
890 407 930 445 vl.
1193 392 1232 448 29

160 573 273 644 venire;
301 573 376 649 quod
403 577 500 631 tamen
522 572 713 648 Philosophia
737 573 787 649 qui
808 594 866 632 non
887 594 922 632 ex
943 574 1100 648 miraculis
1122 577 1172 634 sed
1194 597 1232 634 ex

159 653 245 712 claris
275 653 461 730 conceptibus
491 673 538 711 res
565 658 708 711 conantur
736 652 907 728 intelligere,
937 674 1050 730 semper
1078 656 1231 716 admodum

159 735 269 792 clarum
289 733 360 804 fuit;
380 733 416 791 iis
437 733 580 800 nimirum,
596 733 645 808 qui
660 752 760 791 veram
774 733 941 792 felicitatem
955 734 986 792 in
1000 736 1062 793 sola
1076 736 1185 794 virtute
1199 742 1230 794 et

159 813 369 888 tranquillitate
390 813 478 872 animi
499 813 690 883 constituunt,
712 832 766 871 nec
786 815 913 885 student,
936 818 969 872 ut
989 815 1102 874 Natura
1119 816 1163 887 iis,
1179 817 1230 874 sed

159 899 269 964 contra,
290 898 323 952 ut
343 893 398 969 ipsi
418 892 536 952 Naturae
557 898 696 968 pareant,
719 897 819 969 utpote
842 894 891 970 qni
912 899 990 953 certe
1010 897 1114 967 sciunt,
1136 896 1228 955 Deum

158 973 300 1032 Naturam
321 973 447 1049 dirigere
467 979 554 1050 prout
575 974 638 1049 ejus
657 975 738 1048 leges
758 974 946 1043 universales,
963 995 1020 1033 non
1034 980 1131 1034 autem
1142 982 1229 1052 prout

158 1055 293 1112 humanae
315 1058 428 1112 naturae
449 1053 638 1129 particulares
658 1055 739 1128 leges
760 1054 891 1129 exigunt,
913 1056 1042 1130 adeoque
1063 1057 1155 1114 Deum
1170 1077 1228 1115 non

159 1133 247 1193 solius
278 1133 397 1193 humani
428 1134 552 1208 generis,
584 1134 634 1192 sed
666 1133 756 1192 totius
787 1134 906 1194 Naturae
937 1135 1079 1194 rationem
1111 1137 1226 1196 habere.

159 1213 280 1273 (lonstat
310 1214 408 1289 itaque
440 1213 527 1273 etiarn
559 1233 596 1272 ex
626 1214 690 1289 ipsa
716 1213 874 1290 Scriptura,
895 1214 1033 1273 miracula
1054 1236 1154 1274 veram
1174 1216 1228 1275 Dei

159 1294 352 1369 cognitionem
373 1314 430 1353 non
452 1295 529 1365 dare,
552 1314 605 1352 nec
626 1293 679 1352 Dei
700 1294 911 1369 providentiam
932 1296 1131 1355 claredocere.
1145 1297 1227 1366 Quod

158 1380 255 1433 autem
285 1374 316 1432 in
346 1374 495 1450 Scriptura
516 1394 595 1450 saepe
615 1379 767 1450 reperitur,
789 1376 882 1433 Deum
902 1380 1040 1450 portenta
1061 1376 1172 1446 fecisse,
1194 1382 1229 1436 ut

158 1454 321 1513 hominibus
350 1455 553 1525 innotesceret,
585 1460 618 1513 ut
649 1454 680 1512 in
707 1455 801 1512 Exodi
822 1475 884 1531 cap.
909 1458 954 1514 10.
977 1476 1052 1514 vers.
1075 1458 1112 1527 2.,
1134 1458 1225 1516 Deum

159 1534 312 1611 AEgyptios
342 1534 474 1606 illusisse,
496 1539 526 1593 et
547 1534 631 1610 signa
651 1534 696 1593 sui
717 1533 838 1606 dedisse,
860 1541 893 1594 ut
914 1536 1054 1595 Israe'litae
1074 1557 1227 1612 cognosce·

158 1620 224 1673 rent
255 1635 320 1673 eum
351 1632 414 1673 esse
445 1616 553 1685 Deum;
584 1615 652 1673 inde
679 1620 778 1672 tamen
797 1635 857 1673 non
877 1616 1016 1691 sequitur,
1038 1617 1176 1675 miracula
1196 1618 1226 1675 id

158 1714 261 1753 revera
284 1692 403 1767 docere,
435 1695 485 1757 sed
517 1699 630 1755 tantum
662 1695 802 1770 sequitur,
837 1697 955 1755 ludaeos
985 1698 1060 1755 tales
1090 1697 1227 1756 habuisse

158 1775 315 1850 opiniones,
346 1781 379 1833 ut
404 1775 488 1833 facile
508 1775 544 1833 iis
564 1775 710 1833 miraculis
732 1775 865 1834 convinci
885 1782 1013 1851 possent.
1036 1777 1130 1852 Supra
1150 1777 1226 1835 enim

158 1855 188 1912 in
220 1855 320 1931 Capite
348 1856 473 1915 secundo
495 1856 571 1913 clare
592 1855 778 1927 ostendimus,
800 1856 929 1914 rationes
949 1857 1142 1932 propheticas,
1164 1857 1226 1916 sive

158 1955 222 2013 quae
254 1955 291 1993 ex
311 1935 488 1993 revelatione
508 1936 679 2006 formantur,
702 1956 760 1994 non
781 1935 846 1994 elici
867 1955 904 1994 ex
926 1937 1092 1995 notionibus
1113 1938 1226 1997 univer·

158 2016 266 2074 salibus
297 2020 327 2073 et
346 2015 553 2088 communibus,
576 2016 625 2074 sed
647 2035 685 2073 ex
706 2016 858 2085 concessis,
881 2016 1014 2090 quamvis
1033 2018 1174 2089 absurdis,
1197 2022 1227 2075 et

158 2095 339 2170 opinionibus
369 2115 477 2170 eorum,
509 2095 612 2170 quibus
642 2115 689 2154 res
720 2096 896 2166 revelantur,
928 2096 990 2155 sive
1010 2116 1082 2171 quos
1103 2097 1227 2172 Spiritus

158 2175 281 2234 Sanctus
302 2176 472 2234 convincere
493 2175 572 2247 vult3
593 2176 668 2250 quod
689 2175 789 2234 multis
809 2176 947 2251 exemplis
966 2176 1184 2248 illustravimus,
1196 2182 1226 2235 et

157 2255 244 2313 etiam
276 2255 440 2314 testimonio
472 2256 563 2327 Pauli,
589 2255 724 2331 quicum
745 2255 855 2315 Graecis
876 2261 939 2315 erat
960 2256 1089 2327 Graecus,
1112 2262 1226 2315 etcum

155 2335 268 2394 Judeeis
298 2337 429 2395 Judaeus.
461 2336 569 2394 Verum
600 2336 733 2411 quamvis
762 2336 812 2394 illa
844 2335 983 2395 miracula
1016 2337 1170 2413 AEgyptios
1197 2343 1227 2396 et

157 2416 276 2474 ‚ludaeos
307 2436 345 2474 ex
373 2416 433 2474 suis
464 2415 608 2474 concessis
639 2416 819 2488 convincere,
853 2436 912 2474 non
932 2421 1031 2475 tamen
1051 2437 1152 2475 veram
1172 2417 1226 2475 Dei

156 2495 249 2553 ideam
269 2500 300 2554 et
320 2496 512 2570 cognitionem
534 2497 603 2554 dare
624 2501 769 2571 poterant,
792 2496 842 2555 sed
863 2502 979 2555 tanturn
999 2497 1105 2566 facere,
1117 2502 1151 2556 ut
1163 2517 1227 2555 con·

156 2577 301 2645 cederent,
323 2576 386 2635 dari
406 2577 519 2635 Numen
540 2576 673 2634 omnibus
692 2578 779 2635 rebus
799 2576 835 2634 iis
857 2576 934 2635 notis
955 2577 1111 2653 potentius,
1124 2578 1226 2636 deinde

157 2657 231 2730 quod
263 2657 410 2727 Hebraeos,
443 2656 546 2731 quibus
578 2661 640 2714 tum
661 2656 799 2731 temporis
820 2656 917 2715 omnia
937 2662 1046 2733 praeter
1067 2678 1147 2733 spem
1167 2657 1227 2715 feli·

157 2735 269 2794 cissime
290 2741 448 2806 cesserunt,
470 2756 558 2812 supra
579 2756 678 2794 omnes
700 2739 831 2807 curabat,
853 2757 914 2795 non
934 2742 1031 2796 autem
1053 2738 1128 2812 quod
1150 2738 1228 2796 Deus

157 2835 255 2874 omnes
283 2836 365 2891 aeque
396 2820 494 2886 curet;
528 2836 594 2875 nam
627 2817 682 2874 hoc
703 2817 764 2874 sola
784 2816 971 2892 Philosophia
992 2817 1096 2876 docere
1116 2822 1226 2893 potest;

155 2895 219 2954 ideo
250 2896 347 2956 Judaei
376 2901 406 2955 et
426 2916 533 2966 omnes,
555 2896 604 2971 qui
625 2896 740 2954 nonnisi
761 2916 798 2954 ex
819 2896 947 2955 dissimili
968 2916 1064 2955 rerum
1086 2899 1227 2955 humana-

155 2996 218 3034 rum
250 2980 329 3034 statu
364 2982 393 3034 et
424 2976 528 3052 impari
547 2976 694 3035 hominum
715 2977 833 3035 fortuna
855 2976 908 3035 Dei
928 2976 1140 3052 providentiam
1161 2997 1227 3051 cog·

155 3061 308 3126 noverunt,
340 3056 395 3115 sibi
425 3061 639 3132 persuaserunt,
674 3057 794 3115 Judaeos
824 3057 886 3115 Deo
919 3056 1081 3115 dilectiores
1111 3056 1228 3132 reliquis

154 3135 251 3206 fuisse,
283 3136 416 3211 quamvis
445 3142 543 3194 tamen
573 3137 699 3212 reliquos
729 3156 799 3195 vera
824 3138 951 3195 humana
970 3136 1148 3212 perfectione
1169 3158 1227 3196 non

154 3216 367 3290 superaverint,
389 3221 422 3275 ut
440 3216 499 3291 jam
522 3216 590 3293 Cap.
612 3217 667 3277 III.
690 3217 876 3275 ostendimus.

192 3296 242 3354 Ad
262 3300 379 3356 terticrm
399 3296 490 3371 igitur
509 3315 609 3372 pergo,
632 3296 741 3355 scilicet
761 3317 800 3354 ex
820 3297 971 3372 Scriptura
992 3298 1154 3367 ostendam,
1173 3297 1227 3355 Dei

155 3377 270 3434 decreta
301 3382 331 3435 et
361 3378 507 3445 mandata,
540 3382 568 3434 et
597 3381 807 3452 consequenter
827 3376 1049 3452 providentiam,
1072 3376 1143 3435 nihil
1164 3396 1227 3434 esse

155 3475 258 3514 revera
278 3461 386 3532 praeter
406 3455 526 3516 Naturae
547 3457 695 3527 ordinem3
718 3458 773 3515 hoc
793 3462 846 3527 est,
868 3457 983 3531 quando
995 3456 1147 3532 Scriptura
1158 3456 1228 3515 dicit

156 3536 210 3594 hoc
231 3537 278 3594 vel
297 3536 367 3595 illud
389 3557 406 3595 a
427 3538 488 3595 Deo
509 3536 556 3595 vel
578 3537 631 3595 Dei
651 3536 803 3596 voluntate
817 3538 934 3607 facturn,
951 3536 1022 3594 nihil
1034 3537 1227 3596 aliudrevera

155 3615 325 3691 intelligere,
355 3637 443 3692 quam
473 3618 550 3692 quod
580 3616 610 3674 id
640 3617 734 3693 ipsum
762 3618 923 3676 ‚secundum
944 3617 1025 3691 leges
1047 3622 1077 3674 et
1097 3617 1226 3675 ordinem

155 3695 274 3762 Naturae
304 3696 394 3755 suerit
422 3697 539 3766 factum,
572 3717 630 3755 non
662 3703 768 3767 autern,
801 3701 833 3755 ut
853 3698 959 3772 vulgus
980 3696 1127 3772 opinatur,
1149 3697 1225 3772 quod

155 3775 268 3834 Natura
298 3776 409 3836 tamdiu
439 3775 565 3835 cessavit
585 3796 681 3851 agere,
704 3782 755 3836 aut
777 3778 852 3851 quod
875 3778 937 3852 ejus
958 3777 1028 3835 ordo
1051 3776 1228 3852 aliquamdiu

154 3855 336 3931 interruptus
365 3857 430 3915 fuit.
455 3858 495 3915 At
518 3857 666 3932 Scriptura
688 3877 731 3922 ea,
754 3877 817 3932 quae
839 3858 876 3914 ad
901 3857 964 3931 ejus
985 3857 1148 3915 doctrinam
1168 3876 1227 3914 non
