2784 4392
505 1277 675 1336 CAPUT
706 1278 759 1338 IV.

440 1483 493 1540 De
528 1482 628 1557 Lapa
658 1482 827 1539 Divico.

142 1687 229 1762 Legis
250 1706 355 1745 nomen
376 1686 507 1743 absolute
527 1689 671 1760 sumptum
694 1684 839 1759 significat
858 1683 897 1754 id,
919 1685 1075 1743 secundum
1094 1686 1170 1760 quod

100 1768 329 1843 unumquodque
349 1765 537 1836 individuum,
557 1767 604 1823 vel
618 1764 714 1823 omnia
728 1766 775 1823 vel
789 1764 900 1840 aliquot
914 1766 1041 1839 ejusdem
1056 1765 1169 1840 speciei,

103 1868 162 1907 una
184 1849 340 1921 eademque
360 1849 441 1903 certa
461 1865 495 1903 ac
515 1845 707 1904 determinata
727 1845 839 1903 ratione
859 1849 967 1920 agunt;
990 1865 1024 1903 ea
1041 1865 1110 1903 vero
1125 1846 1172 1904 vel

97 1948 117 1986 a
151 1927 324 1986 necessitate
355 1930 478 1995 naturae,
506 1926 554 1983 vel
574 1928 610 1983 ah
632 1924 779 1983 hominum
798 1925 904 2000 placite
926 1927 1079 2000 dependet.
1098 1925 1169 1995 Lex,

100 2027 164 2082 quae
196 2028 213 2065 a
241 2005 413 2065 necessitate
441 2009 553 2064 naturae
583 2006 735 2080 dependet,
757 2005 806 2063 illa
826 2010 879 2074 est,
902 2025 965 2081 quae
987 2026 1024 2063 ex
1043 2006 1108 2080 ipsa
1128 2005 1171 2064 rei

100 2092 206 2145 natura
226 2088 288 2148 sive
309 2085 475 2144 definitione
496 2085 658 2144 necessario
679 2084 825 2161 sequitur3
848 2088 885 2143 ab
906 2085 1053 2144 hominum
1063 2086 1169 2161 placito

102 2162 210 2237 autem,
244 2171 274 2224 11
304 2186 367 2240 quae
397 2166 491 2241 magis
521 2166 637 2241 proprie
664 2167 719 2224 Jus
747 2166 919 2241 appellatur,
947 2172 992 2224 est
1019 2186 1062 2235 ea,
1084 2185 1170 2240 quam

98 2246 231 2304 homines
252 2246 289 2304 ad
309 2246 401 2303 tutius
421 2252 451 2304 et
471 2244 647 2304 commodius
667 2246 832 2316 vivendum,
854 2246 902 2304 vel
919 2248 955 2303 ob
970 2245 1043 2304 alias
1057 2265 1169 2315 causas,
1217 2270 1220 2279 s

100 2326 156 2384 sibi
184 2331 214 2384 et
241 2324 306 2384 aliis
332 2316 545 2407 praescribunt]
561 2326 616 2384 Ex.
639 2346 683 2400 gr.
706 2326 781 2400 quod
803 2325 898 2384 omnia
919 2345 1048 2400 corpora,
1071 2325 1120 2384 ubi
1139 2325 1171 2383 in

96 2405 158 2464 alia
178 2405 291 2464 minora
311 2404 484 2480 impingunt,
505 2410 619 2464 tantum
641 2406 676 2463 de
698 2425 750 2464 suo
771 2411 851 2464 motu
869 2405 1015 2475 amittunt,
1030 2410 1170 2481 quantum

102 2485 167 2544 aliis
198 2485 419 2557 communicant,
447 2486 496 2543 lex
516 2491 561 2544 est
582 2485 755 2544 universalis
775 2486 902 2544 omnium
923 2506 1083 2561 corporum,
1105 2506 1169 2560 quaa

102 2585 141 2624 ex
173 2566 345 2629 necessitate
376 2569 490 2623 naturae
521 2565 661 2641 sequitur.
693 2566 740 2624 Sic
768 2565 865 2636 etiam,
893 2566 969 2642 quod
990 2567 1084 2636 homo,
1106 2586 1171 2624 cum

100 2645 188 2704 unius
208 2646 251 2704 rei
270 2647 447 2717 recordetur,
470 2645 569 2704 statim
583 2647 751 2704 recordetur
764 2646 884 2704 alterius
898 2645 1009 2720 similis,
1024 2646 1073 2704 vel
1086 2666 1172 2721 quam

100 2726 186 2784 simul
217 2746 282 2785 cum
313 2726 376 2801 ipsa
406 2730 584 2801 perceperat,
612 2727 661 2784 lex
688 2730 741 2797 est,
770 2746 833 2801 quae
860 2746 898 2784 ex
918 2730 1025 2784 natura
1045 2726 1172 2784 humana

100 2805 266 2865 necessario
297 2806 435 2881 sequitur.
467 2806 509 2864 At
541 2807 617 2881 quod
644 2806 775 2864 homines
803 2807 838 2864 de
865 2825 917 2864 suo
942 2807 1016 2881 jure,
1038 2806 1113 2881 qnod
1135 2826 1172 2864 ex

100 2890 209 2944 natura
239 2887 357 2951 habent,
390 2887 495 2944 cedant
525 2886 573 2961 vel
600 2887 701 2944 cedere
729 2891 880 2960 cogantur,
909 2891 939 2943 et
959 2891 1045 2944 certae
1065 2885 1172 2944 rationi

102 2965 223 3024 vivendi
244 2986 307 3024 sese
329 2966 522 3040 adstringant,
545 2986 583 3024 ex
596 2966 722 3025 humano
737 2965 843 3040 placito
857 2966 972 3040 pendet.
987 2967 1025 3024 Et
1039 2965 1172 3041 quamvis

101 3047 236 3104 absolute
258 3045 420 3108 concedam,
435 3047 531 3103 omnia
545 3066 582 3104 ex
595 3046 708 3120 legibus
721 3045 933 3104 universalibus
946 3046 1066 3105 Naturae
1080 3047 1171 3104 deter-

101 3125 209 3184 minari
223 3126 260 3182 ad
275 3124 456 3183 existendum
471 3129 500 3182 et
514 3128 690 3200 operandum
706 3131 786 3184 certa
800 3145 833 3183 ac
848 3125 1039 3183 determinata
1050 3127 1170 3194 ratione,
1206 3133 1210 3138 ’

101 3206 168 3264 dieo
200 3209 306 3275 tamen,
339 3206 392 3263 has
424 3206 504 3279 leges
532 3226 569 3264 ex
596 3206 703 3282 placito
731 3205 878 3264 hominum
898 3207 1037 3281 pendere:
1060 3206 1083 3265 I.
1105 3206 1173 3280 quia

100 3287 199 3356 horno,
232 3290 375 3360 quatenus
406 3305 475 3360 pars
505 3291 550 3344 151
580 3286 710 3357 Naturae,
744 3291 864 3344 eatenus
894 3291 1007 3361 partem
1034 3285 1172 3360 potentiae

99 3365 160 3424 Nat
147 3369 220 3424 turae
251 3366 345 3424 const
345 3365 402 3424 1111
411 3363 510 3459 ;]quae
538 3366 686 3439 igiturex
707 3366 881 3425 necessitate
902 3371 1015 3424 naturae
1036 3368 1171 3424 humanae

100 3450 229 3521 sequunt
230 3466 273 3516 ur,
295 3447 416 3504 hoct
371 3450 416 3504 est
437 3465 475 3504 ex
494 3446 1172 3521 1111111111,111111151111111111111111

100 3526 258 3584 humanam
297 3525 517 3584 determinatam
555 3525 741 3601 concipimus
776 3546 819 3594 ea,
853 3525 967 3584 etiamsi
1000 3526 1171 3596 necessario,

100 3610 296 3680 sequunturt
298 3625 382 3665 amen
395 3608 432 3664 ab
446 3606 638 3663 humanat
587 3626 624 3681 po
625 3605 731 3663 111111
725 3625 844 3743 ,quara
859 3605 1037 3664 sanctionem
1050 3605 1173 3664 istarum

99 3687 211 3760 legum
232 3705 269 3743 ex
299 3686 447 3745 hominum
477 3684 584 3760 placito
611 3686 746 3760 pendere,
775 3690 825 3761 opt
825 3685 881 3743 ime
903 3685 957 3744 dici
977 3690 1081 3761 potest,
1104 3687 1173 3761 quia

98 3764 285 3842 praecipuae
306 3766 436 3842 potentia
456 3767 589 3824 humanae
610 3764 717 3824 mentis
736 3765 778 3824 ita
799 3767 914 3841 pendet,
936 3771 969 3823 11
987 3762 1172 3824 nihilominus

98 3848 231 3905 humana
260 3866 350 3918 mens,
384 3851 526 3921 quatenus
547 3855 594 3903 res
615 3848 668 3903 sub
688 3844 801 3903 ratione
822 3845 884 3904 veri
904 3851 934 3903 et
954 3845 1020 3904 falsi
1040 3846 1171 3921 percipit,

141 3944 183 4001 H.
1034 3944 1048 4000 1
