2784 4392
416 336 735 377 rnnonoe1oo·ron1rrcr
756 338 820 379 oar.
842 338 895 378 vn.
1153 321 1196 378 45

118 507 294 577 habuerunt,
322 510 435 564 mutare
456 506 503 564 vel
524 525 709 582 corrumpere
730 506 867 582 potuisse,
889 525 948 564 non
969 510 1066 565 autem
1088 509 1196 565 verbo·

118 607 184 646 rum
205 586 461 662 significationem
483 586 557 645 adde
578 588 664 662 qnod,
685 587 711 645 si
732 586 796 662 quis
816 586 939 663 alicujus
952 586 1035 645 verbi
1048 585 1192 662 significa·

118 666 237 737 tionem,
270 666 316 725 cui
346 666 505 739 consuevit,
526 666 558 724 in
578 666 664 725 aliam
685 670 799 725 mutare
820 667 899 739 velit,
920 686 980 725 non
1000 666 1108 742 poterit
1129 666 1195 726 sine

118 746 291 806 difficultate
321 746 351 805 id
381 747 569 822 imposterum
600 752 630 806 et
646 747 734 823 ,inter
760 747 936 823 loquendum
957 750 988 805 et
1008 746 1194 806 scribendum

118 829 284 887 observare.
306 827 352 886 Ex
372 826 418 885 his
437 826 537 903 itaque
557 831 587 885 et
607 827 672 885 ahie
692 827 854 886 rationibus
873 827 957 885 facile
978 826 1062 885 nobis
1075 847 1196 902 persua·

118 908 229 978 demus,
261 906 369 965 nemini
398 906 430 965 in
460 912 586 967 mentem
617 906 718 966 venire
749 907 886 983 potuisse,
915 907 1044 982 linguam
1067 907 1194 982 aliquam

118 1004 316 1063 corrumpere;
348 992 379 1045 at
410 986 525 1064 quidem
556 1007 635 1063 saepe
655 991 781 1046 mentem
802 987 924 1063 alicujus
944 986 1107 1063 Scriptoris,
1130 988 1196 1064 ejus

118 1067 267 1127 orationes
287 1067 435 1137 mutando,
456 1068 504 1126 vel
525 1069 640 1126 easdem
661 1087 814 1144 perperam
834 1068 1064 1142 interpretando.

159 1147 231 1207 Cum
262 1148 362 1223 itaque
392 1148 456 1206 haec
486 1152 588 1206 nostra
607 1149 763 1207 methodus
784 1150 862 1223 (quae
883 1148 915 1206 in
935 1167 969 1205 eo
989 1147 1138 1220 fundatur,
1160 1152 1197 1206 ut

118 1228 246 1304 cognitio
278 1227 436 1303 Scripturas
467 1230 504 1286 ab
535 1229 636 1287 eadem
663 1229 727 1287 sola
747 1230 876 1304 petatur)
897 1227 983 1286 unica
1002 1232 1032 1285 et
1052 1246 1123 1286 vera
1143 1227 1194 1300 sit,

117 1308 253 1383 quicquid
273 1308 337 1384 ipsa
357 1312 500 1384 praestare
521 1328 580 1367 non
600 1307 709 1384 poterit
730 1310 767 1367 ad
786 1307 932 1383 integram
953 1307 1110 1382 Scripturas
1125 1327 1192 1383 cog·

118 1387 258 1447 nitionem
286 1388 499 1464 acquirendam,
529 1389 565 1447 de
592 1407 625 1447 eo
646 1389 733 1464 plane
754 1388 975 1465 desperandum.
998 1387 1072 1457 Quid
1093 1391 1193 1446 autem

118 1468 182 1545 ipsa
210 1468 389 1527 difficultatis
417 1469 533 1543 habeat,
554 1468 602 1527 vel
623 1467 692 1544 quid
712 1468 743 1526 in
763 1468 828 1545 ipsa
848 1467 1079 1538 desiderandum,
1099 1471 1133 1525 ut
1154 1468 1193 1526 ad

117 1548 263 1624 integram
292 1553 322 1608 et
342 1553 452 1608 comam
472 1568 620 1607 sacrorum
641 1549 777 1607 Codicum
799 1548 992 1623 cognitionem
1013 1568 1067 1606 nos
1088 1548 1195 1606 ducere

117 1628 218 1705 possit,
253 1628 299 1687 hic
327 1628 387 1704 jam
419 1629 580 1688 dicendum.
611 1629 723 1704 Magna
752 1628 892 1704 imprimis
922 1627 953 1686 iu
980 1629 1036 1686 hac
1055 1628 1194 1687 methodo

118 1709 213 1768 oritur
243 1709 398 1768 difficultas
429 1729 467 1768 ex
491 1729 534 1782 eo,
557 1709 634 1785 quod
654 1709 764 1784 linguae
784 1708 938 1767 Hebraicae
958 1708 1105 1783 integram
1125 1727 1193 1782 cog·

117 1788 257 1848 uitionem
290 1789 391 1864 exigit.
422 1790 465 1847 At
496 1790 560 1848 haec
587 1789 664 1847 unde
690 1789 752 1865 jam
772 1789 919 1864 petenda?
941 1788 1062 1863 Antiqui
1081 1787 1193 1863 linguas

117 1869 271 1928 Hebraioae
303 1870 429 1928 cultores
454 1869 528 1927 nihil
549 1869 715 1946 posteritati
736 1870 771 1927 de
791 1868 989 1927 fundamentis
1008 1873 1040 1927 et
1060 1868 1195 1927 doctrina

116 1950 205 2026 hujus
235 1949 344 2024 linguae
376 1949 569 2025 reliquerunt;
602 1969 655 2008 nos
676 1950 780 2008 saltem
801 1951 838 2008 ab
858 1948 960 2007 iisdem
979 1948 1051 2006 nihil
1071 1968 1194 2024 prorsus

116 2030 273 2088 habemus:
306 2050 364 2088 non
385 2030 475 2088 ullum
496 2028 706 2089 Dictionarium
728 2048 821 2104 neque
842 2027 1076 2098 Grammatieam,
1097 2047 1194 2103 neque

116 2109 319 2182 Rhetoricam3
351 2111 480 2169 Hebraea
510 2114 607 2169 autem
638 2109 720 2168 natio
741 2109 838 2168 omnia
858 2112 1029 2168 ornamenta
1049 2127 1194 2184 omneque

117 2191 205 2249 decus
226 2189 351 2266 perdidit
373 2196 438 2260 (nec
457 2189 570 2262 mirum,
592 2195 745 2266 postquam
764 2193 809 2248 tot
822 2188 918 2247 clades
933 2193 963 2247 et
975 2188 1194 2264 persecutiones

116 2290 205 2346 passa
218 2275 284 2346 est),
299 2290 354 2329 nec
368 2270 424 2329 nisi
437 2290 530 2347 pauca
544 2271 676 2346 quaedam
690 2271 856 2345 fragmenta
869 2268 978 2344 linguae
992 2272 1023 2326 et
1032 2287 1191 2344 paucorum

116 2350 256 2409 librorum
287 2350 424 2423 retinuit3
457 2350 554 2409 omnia
585 2350 661 2409 enim
687 2350 749 2409 fere
770 2348 886 2408 nomina
906 2350 1061 2416 fructuum,
1082 2349 1191 2418 avium,

116 2431 250 2506 piscium,
271 2435 301 2490 et
321 2431 465 2507 permulta
485 2431 552 2502 alia,
572 2435 735 2507 temporum
755 2429 862 2506 injuria
875 2428 996 2506 periere.
1011 2428 1193 2503 Significatio

117 2511 221 2569 deinde
252 2512 407 2570 multorum
429 2511 576 2570 nominum
597 2515 627 2569 et
647 2513 812 2580 verborum,
833 2529 899 2585 quae
919 2509 951 2568 in
970 2508 1073 2567 Bibliis
1093 2528 1191 2567 occur·

116 2595 194 2659 runt,
217 2591 265 2650 vel
285 2611 405 2667 prorsus
425 2591 586 2666 ignoratur,
608 2591 656 2649 vel
677 2592 713 2649 de
733 2590 834 2649 cadem
852 2589 1025 2666 disputatur.
1041 2588 1112 2647 Cum
1126 2590 1194 2648 haec

117 2672 224 2744 omnia,
245 2675 314 2736 tum¹
327 2672 474 2748 praecipue
496 2671 582 2747 hujus
602 2671 711 2746 linguae
732 2670 964 2747 phraseologiam
978 2668 1192 2741 desideramus;

117 2752 180 2828 ejus
201 2751 277 2810 enim
292 2752 414 2828 phrases
427 2756 457 2810 et
470 2752 570 2810 modos
584 2750 729 2826 loquendi,
744 2752 880 2809 Hebraeee
895 2749 1006 2808 nationi
1019 2748 1191 2825 peculiares,

116 2851 216 2890 omnes
247 2832 308 2890 fere
338 2836 452 2908 tempus
481 2832 554 2890 edax
581 2850 619 2890 ex
640 2830 788 2889 homiuum
808 2829 947 2889 memoria
968 2828 1103 2889 abolevit.
1125 2828 1191 2887 Non

115 2910 215 2987 itaque
241 2931 354 2988 semper
374 2911 542 2988 poterimus,
563 2914 597 2969 ut
618 2911 823 2982 desideramus,
845 2929 944 2969 omnes
965 2908 1193 2985 uniuscujusque

116 2991 257 3050 orationis
288 3012 399 3062 sensus,
433 3012 504 3067 quos
533 2992 597 3067 ipsa
629 3011 666 3050 ex
696 2991 805 3066 linguae
834 3010 889 3048 usu
909 2989 1062 3047 admittere
1082 2992 1191 3065 potest,

115 3071 311 3147 investigare;
344 3076 374 3131 et
401 3073 500 3131 multae
529 3075 683 3133 occurrent
703 3070 859 3138 orationes,
881 3069 1013 3145 quamvis
1033 3068 1192 3127 notissimis

116 3152 236 3211 vocibus
266 3172 422 3229 expressae,
453 3172 573 3227 quarum
602 3156 702 3211 tamen
722 3170 824 3209 sensus
844 3149 1063 3209 obscurissimus
1083 3149 1140 3207 erit
1160 3153 1193 3208 et

116 3233 203 3307 plane
233 3231 477 3308 imperceptibilis.
508 3232 556 3290 Ad
587 3233 659 3301 haec,
689 3232 765 3306 quod
792 3229 902 3289 scilicet
922 3229 1032 3305 linguae
1053 3231 1189 3288 Hebraeae

116 3313 275 3388 perfectam
307 3312 457 3371 historiam
475 3318 547 3371 ‘non
576 3331 729 3389 possumus
750 3312 866 3379 habere,
888 3310 999 3369 accedit
1019 3310 1082 3385 ipsa
1103 3310 1193 3386 hujus

116 3391 225 3467 liuguae
247 3392 416 3451 constitutio
438 3397 468 3451 et
488 3397 610 3464 natura3
632 3411 747 3467 exque
767 3394 813 3449 tot
827 3390 961 3449 oriuntur
974 3389 1190 3465 ambiguitates,

117 3477 151 3530 ut
170 3472 348 3548 impossibile
368 3472 417 3540 sit,
438 3473 525 3531 talem
546 3472 678 3532 invenire
699 3471 867 3530 methodum
878 3475 903 3538 *,
925 3489 990 3545 quae
1011 3489 1112 3528 verum
1126 3488 1191 3528 sen·

118 3572 181 3610 sum
202 3552 330 3611 omnium
351 3552 514 3611 orationum
529 3552 688 3629 Scripturas
703 3557 783 3609 certo
798 3552 900 3609 doceat
912 3549 1099 3625 investigare.
1114 3548 1191 3607 Nam

116 3638 225 3708 praeter
245 3633 468 3708 ambiguitatum
482 3652 585 3691 causas
599 3632 732 3691 omnibus
745 3630 854 3706 linguis
867 3648 1040 3700 communes,
1055 3628 1191 3704 quaedam

146 3811 159 3838 *
176 3811 215 3858 cf.
232 3811 326 3860 Annot.
343 3811 399 3859 VII.
