2784 4392
158 290 177 347 6
608 307 777 348 reserares

159 478 277 548 veritas,
299 481 360 534 tum
377 474 505 545 dicimus,
519 474 612 532 Deum
626 473 766 549 trianguli
779 474 874 533 ideam
888 476 1004 545 habere,
1020 474 1081 533 sive
1092 479 1227 533 naturam
1316 488 1319 493 '

159 555 298 632 trianguli
324 555 495 630 intelligere.
528 554 582 612 Sed
604 574 668 612 cum
690 560 791 630 postea
812 556 848 613 ad
870 556 925 613 hoc
946 555 1129 625 attendimus,
1151 556 1227 629 quod

160 643 265 696 natura
279 635 419 709 trianguli
433 635 473 692 sic
486 635 517 692 in
528 640 634 693 natura
645 635 744 694 divina
755 635 920 694 continetur
931 656 969 694 ex
981 637 1042 693 sola
1054 635 1229 694 necessitate

161 718 267 776 divinae
288 721 410 786 natura,
432 719 462 773 et
482 735 540 772 non
562 735 597 772 ex
618 716 791 774 necessitate
812 716 945 774 essentiae
967 722 996 773 et
1010 722 1124 775 naturae
1135 715 1228 773 trian-

161 798 233 874 guli3
264 797 331 866 ima,
367 797 442 871 quod
464 795 622 853 necessitas
642 796 776 854 essentiae
797 801 827 853 et
847 797 1058 872 proprietatum
1079 795 1228 870 trianguli,

161 883 304 954 quatenns
324 875 411 934 etiam
432 879 465 933 ut
486 880 602 935 aeternae
623 876 763 935 veritates
784 876 993 952 concipiuntur,
1015 897 1033 935 a
1053 878 1115 934 sola
1128 895 1228 933 neces-

160 959 247 1017 sitate
282 956 388 1015 divinae
410 960 522 1014 naturae
543 961 573 1014 et
593 955 758 1015 intellectus
778 958 912 1031 pendeat,
935 962 965 1014 et
985 977 1044 1015 non
1065 977 1102 1014 ex
1122 961 1230 1014 natura

160 1037 312 1112 trianguli3
345 1042 407 1096 tum
427 1036 457 1093 id
478 1036 580 1110 ipsum,
603 1038 679 1112 quod
704 1037 757 1095 Dei
778 1038 953 1095 intellectum
976 1037 1152 1107 vocavimus
1175 1035 1231 1093 Dei
1256 1098 1258 1103 .

160 1119 340 1177 voluntatem
375 1117 437 1175 sive
476 1117 622 1175 decretum
662 1118 848 1192 appellamus.
882 1117 977 1187 Quare
1008 1121 1144 1192 respectu
1175 1115 1230 1173 Dei

161 1219 248 1258 unum
279 1203 310 1256 et
339 1198 415 1256 idem
437 1197 622 1264 affirmamus,
645 1217 710 1255 cum
732 1198 860 1267 dicimus,
882 1199 975 1255 Deum
996 1200 1034 1255 ab
1054 1202 1162 1256 aeterno
1184 1197 1229 1254 de·

162 1279 287 1338 crevisse
308 1282 338 1335 et
358 1279 492 1349 voluisse,
515 1281 574 1335 tres
595 1278 718 1350 angulos
738 1277 877 1350 trianguli
897 1278 1022 1351 aequales
1042 1296 1105 1334 esse
1120 1278 1232 1334 duobus

161 1359 257 1429 rectis,
288 1359 345 1427 vel,
377 1359 469 1415 Deum
500 1358 555 1414 hoc
587 1357 681 1432 ipsum
702 1357 888 1414 intellexisse.
911 1358 994 1414 Unde
1016 1356 1154 1430 sequitur,
1175 1356 1231 1413 Dei

161 1437 369 1498 affirmationes
400 1441 429 1495 et
462 1437 632 1511 negationes
652 1441 790 1495 aeternam
813 1456 925 1511 semper
945 1435 1147 1494 necessitatem
1168 1435 1231 1492 sive

161 1519 314 1578 veritatem
345 1518 502 1575 involvere.
537 1517 566 1575 Si
596 1517 703 1591 itaque,
734 1516 859 1591 exempli
890 1516 994 1590 gratia,
1017 1517 1097 1573 Deus
1117 1516 1231 1573 Adamo

163 1599 245 1670 dixit,
277 1618 308 1656 se
340 1597 424 1668 nolle,
447 1601 480 1654 ut
500 1597 536 1654 de
557 1599 660 1654 arbore
681 1596 855 1671 cognitionis
875 1595 944 1654 boni
964 1601 994 1654 et
1015 1595 1082 1654 mali
1103 1597 1230 1654 comede·

163 1685 222 1750 ret3
254 1677 509 1736 contradictionem
539 1676 710 1751 implicaret,
731 1678 874 1735 Adamum
897 1677 932 1734 de
952 1676 1002 1734 illa
1022 1678 1125 1734 arbore
1145 1695 1232 1750 posse

164 1760 321 1829 comedere,
352 1758 480 1832 adeoque
510 1756 685 1832 impossibile
716 1758 801 1826 foret,
823 1762 856 1814 ut
877 1758 1007 1814 Adamus
1027 1758 1062 1814 de
1084 1776 1118 1814 ea
1139 1776 1230 1814 come·
1298 1777 1300 1781 ·

164 1842 260 1898 deret:
292 1858 359 1897 nam
390 1837 520 1895 divinum
550 1837 619 1895 illud
649 1838 796 1895 decretum
818 1842 958 1895 aeternam
978 1837 1180 1894 necessitatem
1201 1841 1233 1893 et
1306 1880 1309 1885 .

163 1919 316 1979 veritatem
338 1919 484 1976 debuisset
504 1917 662 1976 involvere.
685 1918 793 1974 Verum
815 1916 950 1992 quoniam
969 1916 1118 1991 Scriptura
1132 1922 1231 1974 tamen

163 2004 273 2070 narrat,
295 2000 387 2056 Deum
407 1999 436 2055 id
458 1999 569 2056 Adamo
591 1997 773 2072 praecepisse,
795 2003 824 2055 et
838 1997 1024 2055 nihilominus
1038 1997 1181 2054 Adamum
1195 1997 1232 2054 de

164 2081 264 2138 eadem
285 2077 450 2148 comedisse,
472 2078 635 2136 necessario
657 2078 808 2136 dicendum
823 2082 876 2147 est,
891 2078 983 2135 Deum
997 2078 1110 2135 Adamo
1124 2077 1230 2135 malum

164 2165 278 2219 tantum
309 2158 493 2230 revelavisse,
516 2160 591 2234 quod
612 2179 677 2217 eum
697 2157 860 2216 necessario
882 2162 1059 2232 sequeretur,
1082 2157 1107 2215 si
1127 2157 1162 2215 de
1182 2157 1234 2213 illa

165 2244 269 2299 arbore
290 2238 460 2309 comederet,
482 2243 514 2297 at
533 2259 592 2297 non
613 2238 815 2296 necessitatem
837 2237 1047 2296 consecutionis
1059 2236 1136 2295 illius
1150 2236 1234 2294 mali:

165 2321 249 2379 Unde
278 2320 386 2378 factum
414 2325 467 2386 est,
489 2324 523 2377 ut
543 2319 673 2377 Adamus
693 2319 771 2376 illam
792 2318 998 2376 revelationem
1019 2337 1078 2375 non
1098 2322 1132 2375 nt
1151 2321 1233 2376 aster·

166 2420 233 2459 narn
265 2405 294 2458 et
324 2400 516 2457 necessariam
543 2399 697 2457 veritatem
728 2398 898 2474 perceperit,
932 2400 982 2456 sed
1003 2398 1158 2472 utlegem‚
1180 2397 1237 2454 hoe

167 2487 211 2539 est
238 2484 272 2537 ut
298 2479 473 2549 institutum,
495 2480 571 2555 qnod
592 2479 704 2537 lucrum
725 2483 777 2536 aut
797 2480 931 2536 damnum
951 2477 1094 2553 seqnitur,
1116 2496 1175 2535 non
1196 2496 1234 2535 ex

167 2560 339 2618 necessitate
370 2564 399 2618 et
431 2564 537 2618 natura
568 2558 690 2616 actionis
720 2563 853 2633 patratae,
888 2559 938 2616 sed
959 2578 997 2616 ex
1017 2558 1078 2615 solo
1098 2556 1182 2615 libitu
1203 2561 1234 2615 et

168 2641 299 2700 absoluto
319 2639 438 2715 imperio
460 2639 580 2714 alicujus
601 2638 752 2714 Principis,
775 2639 870 2708 Quare
890 2638 940 2696 illa
951 2638 1091 2696 revelatio
1102 2641 1237 2712 respectu

168 2721 256 2779 solius
287 2719 401 2788 Adami,
434 2724 463 2778 et
483 2723 602 2795 propter
623 2720 715 2776 solum
737 2719 879 2776 defectum
901 2719 964 2793 ejus
984 2717 1166 2792 cognitionis
1187 2717 1237 2775 lex

168 2801 234 2872 fuit,
266 2802 402 2876 Deusque
432 2800 515 2875 quasi
548 2799 698 2874 legislator
719 2803 769 2856 aut
790 2799 937 2874 Princeps.
959 2799 997 2856 Et
1017 2799 1072 2856 hac
1093 2797 1179 2855 etiam
1201 2797 1238 2854 de

169 2901 265 2951 causa,
287 2900 390 2955 nempe
411 2883 447 2938 ob
468 2881 611 2938 defectum
633 2879 814 2954 cognitionis,
837 2880 1009 2952 Decalogus,
1031 2882 1164 2952 respectu
1177 2877 1234 2934 He·

169 2964 312 3020 braeorum
342 2965 464 3032 tantum,
496 2962 542 3018 lex
576 2959 649 3030 fuir,
671 2980 747 3032 nam,
770 2958 904 3033 quoniam
925 2958 980 3016 Dei
1000 2957 1184 3016 existentiam
1204 2961 1239 3014 nt

170 3046 308 3100 aternam
335 3040 486 3098 verit-atem
509 3061 567 3098 non
588 3045 741 3110 noverant,
762 3039 826 3097 ideo
847 3038 885 3108 id,
908 3039 983 3113 qnod
1004 3038 1074 3113 ipsis
1094 3037 1125 3094 in
1146 3038 1238 3095 Deca-

169 3123 236 3195 logo
267 3121 428 3178 revelatum
459 3120 522 3194 fuit,
557 3140 659 3194 nempe
690 3121 782 3177 Deum
818 3119 951 3188 existere,
974 3119 1124 3193 Deumque
1144 3118 1236 3175 solum

140 3214 143 3219 ⁴
172 3202 349 3260 adorandum
381 3220 453 3271 esse,
475 3205 613 3274 tanquam
633 3201 727 3273 legem
749 3199 896 3274 percipere
917 3200 1094 3269 debuerunt3
1117 3196 1240 3272 quodsi

171 3283 250 3340 Deus
281 3280 368 3339 nullis
398 3280 499 3339 mediis
530 3280 675 3355 corporeis
707 3279 853 3350 adhibitis,
886 3280 936 3337 sed
955 3277 1120 3336 immediate
1139 3277 1176 3335 iis
1195 3277 1238 3335 lo-

172 3366 278 3437 quutus
307 3360 418 3429 fuisset,
449 3360 504 3418 hoc
533 3362 627 3435 ipsum
658 3381 717 3419 non
748 3363 886 3434 tanquam
907 3360 1009 3433 legem,
1031 3358 1081 3416 sed
1101 3363 1240 3431 tanquam

173 3447 310 3500 aeternam
337 3440 491 3498 veritatem
511 3440 717 3515 percepissent.
745 3443 836 3514 Atque
857 3440 921 3508 hoc,
943 3440 1018 3514 quod
1040 3439 1075 3496 de
1095 3436 1237 3495 Israelitis

173 3527 202 3579 et
233 3522 345 3579 Adamo
377 3520 504 3593 dicimus,
538 3522 589 3578 de.
608 3521 739 3578 omnibus
760 3520 847 3578 etiam
868 3519 1030 3595 Prophetis,
1053 3518 1100 3592 qui
1122 3517 1238 3575 nomine

172 3601 226 3659 Dei
257 3602 337 3675 leges
370 3601 555 3676 scripserunt,
588 3601 748 3672 dicendum,
780 3598 915 3657 videlicet
932 3600 1020 3673 vquod
1047 3598 1102 3656 Dei
1123 3598 1239 3655 decreta

173 3701 231 3739 non
268 3682 428 3756 adaequate,
460 3685 493 3738 ut
526 3686 651 3740 aeternas
671 3681 819 3750 veritates,
841 3683 1041 3754 perceperunt.
1062 3678 1116 3736 Ex.
1140 3698 1183 3752 gr.
1205 3677 1242 3734 de

173 3761 236 3837 ipso
267 3762 348 3819 Mose
379 3761 466 3819 etiam
498 3761 648 3819 dicendum
681 3766 734 3827 est,
766 3780 831 3818 eum
864 3779 900 3817 ex
931 3757 1109 3817 revelatione
1136 3758 1240 3816 velex
