2784 4392
199 340 239 395 54
634 354 803 394 raacrarus

197 524 314 583 nimiam
344 529 374 582 et
394 523 577 582 temerariam
598 542 669 581 esse.
692 523 748 581 Sed
769 541 903 597 magnam
925 522 999 579 hanc
1019 521 1183 580 libertatem
1203 520 1262 596 ipsi

197 605 401 674 concedamus;
434 603 502 679 quid
533 604 650 660 tandem
680 606 851 678 promovet?
881 601 959 660 Nihil
989 621 1075 671 sane;
1097 620 1161 676 quae
1183 601 1261 659 enim

197 684 463 744 indemonstrabilia
483 686 560 753 sunt,
582 701 598 741 e
632 702 697 757 quae
718 682 872 741 maximam
887 681 1044 757 Scripturae
1059 686 1171 757 partem
1186 701 1260 739 com·

198 770 318 841 ponunt,
339 765 403 822 haec
423 763 547 821 Ratione
565 762 745 837 investigare
765 782 824 820 non
843 762 1010 838 poterimus
1031 781 1125 837 neque
1146 781 1184 819 ex
1203 762 1261 818 hac

198 864 299 903 norma
328 844 473 919 explicare
497 842 810 919 nequeinterpretari;
832 847 1028 916 cumcontra,
1050 846 1178 900 nostram
1200 860 1260 899 me·
1379 894 1380 907 ,

198 924 318 983 thodum
351 924 538 999 insequendo,
569 923 693 998 plurima
713 924 799 999 hujus
820 922 934 998 generis
955 922 1100 997 explicare
1120 926 1150 979 st
1171 922 1206 979 de
1226 921 1263 978 iis
1379 926 1380 929 ’

199 1023 299 1063 secure
329 1003 470 1061 disserere
499 1023 659 1078 possumne,
690 1007 724 1061 ut
751 1004 812 1079 jam
844 1007 874 1061 et
904 1002 1025 1073 ratione,
1051 1006 1081 1060 et
1101 1001 1163 1076 ipso
1183 1001 1264 1059 faato

200 1084 388 1153 ostendimus3
420 1103 485 1158 quae
516 1088 612 1142 autem
643 1103 697 1141 sua
721 1088 827 1143 natura
846 1082 1044 1158 perceptibilia
1065 1086 1141 1151 sunt,
1163 1101 1262 1139 eorum

200 1184 301 1223 sensus
331 1164 424 1230 facile,
456 1168 489 1221 ut
517 1165 577 1238 jam
608 1163 696 1223 etiam
726 1163 912 1233 ostendimus,
945 1183 980 1221 ex
1011 1162 1071 1220 solo
1100 1162 1263 1220 orationum

200 1249 339 1303 contextu
359 1244 480 1302 elicitur.
503 1244 599 1314 Quare
620 1244 683 1302 haec
703 1243 856 1301 methodus
875 1244 963 1318 plane
982 1242 1093 1300 inutilis
1111 1246 1164 1300 est.
1179 1241 1265 1299 Adde

201 1325 276 1400 quod
306 1344 419 1382 omnem
449 1323 659 1393 certitudinem,
692 1343 778 1398 quam
808 1323 914 1398 vulgus
944 1342 979 1381 ex
1000 1322 1113 1380 sincera
1132 1321 1266 1393 lectione,

201 1411 232 1463 et
252 1425 338 1480 quam
359 1424 458 1462 omnes
478 1404 562 1462 aliam
583 1404 750 1463 methodum
766 1402 944 1479 insequendo
958 1404 994 1461 de
1008 1422 1094 1460 sensu
1110 1402 1268 1477 Scripturas

201 1486 308 1543 habere
339 1489 470 1560 possunt,
491 1484 577 1559 plane
596 1484 633 1542 iis
653 1483 762 1542 adimit.
785 1483 967 1559 Quapropter
987 1484 1063 1540 hanc
1084 1481 1269 1540 Maimonidae

201 1564 374 1624 sententiam
397 1567 429 1622 ut
448 1564 574 1634 noxiam,
595 1563 735 1633 inutilem,
756 1568 787 1621 et
807 1564 962 1622 absurdam
983 1562 1171 1638 explodimus

243 1644 325 1714 Quod
359 1663 446 1720 porro
480 1644 693 1703 Pharisaeorum
727 1643 912 1702 traditionem
947 1643 1061 1714 attinet,
1090 1643 1149 1718 jam
1181 1661 1270 1718 supra

202 1724 336 1792 diximus,
358 1744 421 1783 eam
442 1724 496 1782 sibi
517 1744 576 1782 non
596 1728 745 1796 constare;
766 1723 938 1782 Pontificum
958 1727 1056 1782 autem
1074 1724 1269 1780 Romanorum

202 1804 409 1863 authoritatem
438 1804 621 1863 luculentiori
651 1804 816 1862 testimonio
836 1803 983 1878 indigere;
1005 1808 1035 1861 et
1055 1804 1135 1861 nulla
1156 1802 1213 1860 alia
1233 1803 1270 1860 de

203 1904 291 1943 causa
310 1885 386 1943 hane
407 1887 537 1960 reprobo.
560 1884 634 1943 Nam
654 1884 679 1941 si
699 1903 737 1941 ex
756 1883 820 1960 ipsa
841 1883 990 1959 Scriptura
1011 1903 1073 1941 eam
1089 1882 1171 1941 nobis
1186 1901 1269 1958 aeque

203 1969 282 2023 certo
307 1965 459 2023 ostendere
474 1968 498 2035 ²⁸,
520 1984 554 2023 aa
574 1965 742 2023 Judaeorum
765 1963 922 2023 Pontifices
942 1963 1008 2021 olim
1029 1968 1175 2038 poterant,
1197 1962 1269 2020 nibil

203 2064 250 2103 me
279 2049 417 2116 moveret,
448 2044 525 2120 quod
555 2044 632 2103 inter
662 2044 808 2102 Romanos
838 2044 995 2102 Pontifices
1026 2043 1133 2118 reperti
1160 2042 1269 2101 fuerint

204 2124 335 2184 haeretiei
355 2130 384 2183 et
404 2124 500 2200 impii;
522 2144 586 2183 cum
608 2125 674 2182 olim
695 2123 772 2182 inter
792 2125 983 2182 Hebraeorum
1004 2123 1161 2181 Pontifices
1181 2122 1268 2180 etiam

204 2205 312 2281 reperti
342 2205 449 2263 fuerint
480 2203 611 2263 haeretiei
642 2208 671 2262 st
701 2204 789 2280 impii,
815 2204 864 2280 qui
885 2203 1009 2262 sinistris
1029 2203 1131 2261 mediis
1152 2202 1269 2261 Pontifi-

205 2290 302 2343 catum
333 2284 430 2360 adepti
460 2289 538 2354 sunt,
570 2303 658 2359 penes
683 2304 756 2360 quos
776 2289 875 2342 tamen
895 2305 933 2342 ex
954 2283 1111 2359 Scripturas
1132 2284 1270 2341 mandato
1315 2294 1322 2306 ’

205 2384 316 2423 summa
337 2370 401 2423 erat
419 2368 549 2439 potestas
566 2364 658 2438 legem
672 2364 891 2439 interpretandi.
907 2364 980 2422 Vide
994 2365 1079 2422 Dent.
1096 2366 1128 2399 *ἥ
1143 2383 1205 2438 cap.
1223 2364 1269 2422 17.

205 2463 281 2503 vers.
304 2445 351 2514 11,
375 2445 421 2514 12,
443 2449 473 2502 et
493 2464 555 2519 cap.
578 2445 625 2503 33.
647 2463 723 2503 vers.
746 2446 792 2502 10,
814 2449 845 2502 et
864 2445 988 2502 Malach.
1010 2464 1072 2519 cap.
1095 2446 1122 2501 2.
1144 2463 1219 2502 vers.
1241 2445 1273 2500 8.

206 2526 248 2583 At
278 2523 413 2599 quoniam
443 2523 552 2582 nullum
581 2526 641 2583 tale
665 2524 860 2583 testimonium
881 2524 964 2582 nobis
985 2525 1150 2593 ostendunt,
1172 2542 1270 2582 eorum

207 2604 369 2662 authoritas
390 2604 541 2663 admodum
563 2609 696 2681 suspecta
716 2610 829 2675 manet3
851 2608 880 2662 et
901 2624 938 2662 ne
959 2604 1032 2680 quis,
1052 2605 1183 2678 exemplo
1198 2604 1271 2662 Pon-

206 2683 291 2741 tificis
311 2684 505 2755 Hebraeorum
522 2685 668 2760 deceptus,
690 2688 774 2760 putet
793 2684 963 2759 religionem
985 2683 1162 2742 Catholicam
1183 2683 1270 2741 etiam

206 2763 336 2839 indigere
365 2763 515 2834 Pontifice,
546 2765 627 2823 venit
658 2765 825 2835 notandum,
858 2765 934 2841 quod
965 2764 1046 2839 leges
1076 2764 1174 2835 Mosis,
1203 2763 1272 2839 quia

206 2844 320 2919 publica
348 2843 414 2919 jura
435 2844 543 2903 Patriae
565 2849 657 2914 eraut,
678 2844 850 2919 indigebant
869 2844 1041 2913 necessario,
1064 2847 1097 2901 ut
1117 2862 1271 2901 conserva-

206 2929 316 2995 rentur,
337 2924 514 2983 authoritate
535 2926 658 3000 quadam
679 2924 809 2999 publica;
831 2924 951 2983 sienim
972 2923 1168 2998 unusquisque
1189 2922 1271 2981 liber·

206 3008 296 3063 tatem
322 3005 442 3063 haberet
459 3005 527 3081 jura
546 3005 661 3081 publica
681 3025 718 3063 ex
739 3025 791 3063 suo
812 3004 931 3063 arbitrio
950 3003 1171 3079 interpretandi,
1192 3003 1274 3060 nulla

207 3084 367 3159 respublica
398 3084 554 3144 subsistere
578 3089 685 3160 posset,
706 3085 757 3143 sed
779 3085 833 3142 hoc
852 3084 914 3160 ipso
936 3083 1039 3157 statim¹
1056 3083 1271 3152 dissolveretur,

208 3168 237 3222 et
255 3164 303 3240 jus
323 3165 468 3239 publicum
486 3165 534 3240 jus
554 3168 631 3223 esset
650 3164 806 3241 privatum.
828 3164 870 3222 At
883 3163 1042 3239 Religionis
1055 3164 1142 3237 longe
1156 3163 1274 3222 aliaest

209 3244 292 3302 ratio.
324 3244 396 3303 Nam
418 3244 649 3320 quandoquidem
669 3245 733 3319 ipsa
753 3264 812 3302 non
831 3244 943 3302 tamin
964 3243 1125 3302 actionibus
1145 3242 1274 3301 externis

208 3343 295 3399 quam
322 3324 352 3382 iu
374 3324 462 3383 animi
483 3324 666 3399 simplicitate
687 3329 716 3382 et
736 3324 893 3383 veracitate
914 3323 1054 3394 consistit,
1076 3323 1183 3382 nullius
1200 3323 1276 3399 juris

209 3423 302 3479 neque
323 3404 509 3463 authoritatis
528 3404 650 3480 publicae
671 3409 724 3464 eat.
746 3403 845 3462 Animi
864 3404 940 3462 enim
961 3404 1129 3480 simplicitas
1149 3408 1178 3461 et
1194 3401 1274 3461 vera-

209 3484 282 3542 citas
310 3504 367 3542 non
388 3484 507 3560 imperio
527 3484 632 3559 legum,
654 3503 747 3559 neque
767 3484 945 3543 authoritate
965 3484 1089 3560 publica,
1110 3483 1275 3541 hominibus

208 3563 378 3635 infunditur,
403 3569 433 3622 et
454 3565 584 3622 absolute
605 3584 688 3623 nemo
710 3564 739 3621 vi
760 3568 811 3623 aut
830 3565 944 3639 legibus
963 3569 1061 3640 potest
1082 3563 1146 3638 cogi
1167 3568 1200 3621 ut
1220 3564 1271 3621 fiat

209 3646 319 3714 beatus,
351 3644 402 3702 ssd
433 3644 469 3702 ad
500 3644 555 3702 hoc
585 3644 741 3719 requiritur
768 3645 816 3721 pia
844 3651 873 3703 ct
893 3646 1023 3703 fraterna
1043 3643 1171 3715 monitio,
1197 3645 1274 3701 bona

243 3822 257 3847 ⁹
274 3821 313 3866 Sc.
326 3826 434 3878 possent.
497 3822 524 3848 ⁵*
541 3822 646 3868 Brnder.
664 3851 691 3858 -
709 3823 762 3869 Pr.:
779 3823 857 3867 arod.
