2784 4392
428 344 748 403 sanctonico-romaici
769 365 833 402 car.
855 364 906 401 vn.
1157 346 1194 401 53

125 530 302 604 sophantum
323 530 476 588 admittere
497 532 613 606 poterit,
632 536 662 590 et
676 536 884 605 consequenter
897 549 1058 605 supponere
1073 529 1196 598 debebit,

125 609 319 684 Philosophos
339 609 415 668 circa
436 610 592 686 Scripturae
614 611 883 687 interpretationem
904 629 1002 668 errare
1022 630 1080 668 non
1100 630 1194 686 posse,

126 709 194 764 quae
215 709 286 747 sane
306 709 383 748 nova
404 696 481 748 esset
502 692 638 750 Ecclesiae
653 692 824 760 authoritate,
839 710 1002 765 novumque
1016 691 1196 748 sacerdotum

126 770 177 827 vel
197 769 370 828 Pontificum
392 790 493 847 genua,
515 772 592 847 quod
612 773 720 846 vulgus
738 771 833 846 magis
852 770 986 829 irrideret
1005 790 1091 845 quam
1112 790 1195 828 vene·

126 854 252 908 raretur.
274 850 313 907 ut
333 850 465 924 quamvis
485 856 586 909 nostra
606 852 758 910 methodus
777 852 885 926 linguae
906 851 1041 909 Hebraeae
1059 849 1195 924 cognitio-

124 949 192 988 nem
215 930 324 1004 exigat,
346 931 428 1006 cujus
449 931 536 989 etiam
557 931 652 991 studio
672 933 779 1006 vulgus
799 950 905 990 vacare
924 951 983 988 non
1003 935 1109 1006 potest,
1124 930 1196 988 nihil

124 1015 225 1068 tamen
256 1010 348 1068 simile
379 1010 461 1069 nubis
492 1012 576 1088 objici
607 1017 719 1088 potest;
750 1031 816 1070 nam
849 1011 954 1085 vulgus
974 1011 1142 1068 Judaeorum
1164 1017 1194 1068 et

126 1090 288 1165 gentilium,
320 1090 424 1166 quibus
444 1091 510 1149 olim
533 1093 687 1167 Prophetae
709 1097 739 1150 et
759 1091 893 1167 Apostoli
912 1091 1145 1165 praedicaverunt
1165 1097 1195 1147 et

124 1170 316 1245 scripserunt,
336 1171 465 1246 linguam
486 1172 699 1248 Prophetarum
719 1177 749 1230 et
765 1172 970 1248 Apostolorum
984 1170 1194 1244 intelligebant,

124 1271 166 1309 ex
187 1270 245 1326 qua
265 1251 352 1309 etiam
372 1255 497 1309 mentem
520 1252 730 1327 Prophetarum
751 1251 964 1327 percipiebant3
986 1256 1017 1308 at
1038 1270 1096 1308 non
1109 1250 1194 1308 ratio·

126 1349 181 1388 nes
210 1350 307 1388 rerum
338 1351 409 1406 quas
439 1332 647 1406 praedicabant,
681 1352 753 1408 quas
784 1352 820 1390 ex
846 1331 990 1389 sententia
1010 1330 1194 1388 Maimonidae

125 1410 216 1468 etiam
246 1411 320 1469 scire
344 1412 490 1482 deberent,
513 1416 545 1470 ut
565 1417 690 1470 ruentem
711 1412 921 1488 Prophetarum
943 1430 1046 1486 capere
1066 1417 1192 1486 possent.

126 1491 173 1548 Ex
207 1490 319 1548 ratione
352 1491 443 1565 igitur
474 1497 582 1550 nostrae
614 1492 743 1551 methodi
773 1512 831 1550 non
862 1491 1000 1566 sequitur,
1033 1491 1194 1549 necessario

126 1570 234 1644 vulgus
254 1570 418 1629 testimonio
439 1572 628 1648 interpretum
644 1572 840 1647 acquiescere3
856 1572 976 1630 ostendo
990 1571 1066 1629 enim
1080 1571 1193 1645 vulgus,

126 1651 204 1725 quod
235 1650 365 1725 linguam
395 1652 606 1728 Prophetarum
635 1657 665 1710 et
685 1653 891 1728 Apostolorum
913 1652 1051 1721 callebat3
1073 1656 1104 1708 at
1124 1651 1194 1709 Mai·

126 1730 257 1788 munides
281 1731 391 1789 nullum
412 1733 545 1790 ostendet
566 1733 679 1806 vulgae,
703 1734 779 1808 quod
800 1752 897 1790 rerum
918 1751 1020 1790 causas
1040 1731 1193 1805 intelligat,

125 1830 165 1868 ex
196 1810 299 1885 quibus
329 1831 427 1869 eorum
458 1817 582 1870 mentem
613 1812 764 1888 percipiat.
795 1813 833 1870 Et
864 1813 938 1887 quod
970 1816 1002 1869 at
1025 1810 1194 1869 hodiernum

126 1891 234 1964 vulgus
264 1891 379 1960 attinet,
409 1892 468 1967 jam
497 1892 682 1962 ostendimus,
705 1892 800 1950 omnia
821 1893 857 1950 ad
879 1893 1000 1950 salutem
1022 1890 1192 1956 necessaria,

124 1970 260 2046 quamvis
290 1991 389 2030 eorum
421 1972 548 2030 rationes
578 1972 758 2047 ignorentur,
791 1972 875 2030 facile
906 1977 1003 2030 tamen
1033 1971 1064 2028 in
1093 1972 1194 2046 quavis

122 2051 227 2125 lingua
246 2071 331 2126 posse
351 2052 468 2128 percipi,
490 2057 644 2128 propterea
665 2054 741 2128 quod
763 2053 834 2110 adeo
855 2051 1016 2110 communia
1036 2056 1066 2109 et
1086 2050 1194 2109 usitata

122 2136 210 2201 suut,
241 2137 271 2190 et
300 2130 331 2189 in
361 2133 425 2190 hac'
443 2133 636 2207 perceptione,
657 2152 716 2190 non
737 2132 851 2207 quidem
871 2132 902 2189 in
922 2131 1086 2190 testimonio
1106 2131 1192 2188 iuter-

8 2248 11 2271 ι
123 2216 249 2287 pretum,
281 2212 387 2286 vulgus
414 2212 586 2288 acquiescit;
608 2218 638 2271 et
657 2213 734 2288 quod
755 2217 786 2270 at
806 2212 916 2286 reliqua
936 2211 1051 2281 attinet,
1073 2211 1192 2268 eandem

15 2324 21 2361 ι,
70 2300 74 2309 ’
122 2292 156 2348 iu
188 2290 234 2348 his
264 2311 328 2349 curn
349 2292 442 2350 doctis
462 2292 593 2367 sequitur
612 2293 769 2351 fortunam.
791 2292 847 2350 Sed
868 2292 905 2350 ad
925 2290 1109 2349 Maimonidae
1130 2310 1192 2349 sen-

20 2368 24 2395 *
125 2370 248 2428 tentiam
269 2377 458 2444 revertamur,
480 2378 567 2448 atque
587 2379 679 2448 ipsam
701 2372 864 2431 accuratius
879 2371 1081 2430 examinemus.
1097 2371 1193 2428 Primo

26 2442 31 2513 l
124 2451 272 2527 supponit,
294 2453 457 2528 Prophetas
477 2453 508 2510 in
528 2453 660 2512 omnibus
679 2452 757 2511 inter
774 2473 805 2511 se
820 2451 997 2522 convenisse,
1012 2470 1193 2525 summosque

123 2531 215 2589 fuisse
248 2532 439 2606 Philosophos
469 2538 500 2590 et
530 2533 708 2608 Theologos;
740 2553 777 2591 ex
808 2533 850 2590 rei
881 2531 958 2590 enim
988 2532 1113 2590 veritate
1143 2550 1192 2588 cos

123 2611 299 2670 conclusisse
329 2613 408 2670 vult:
430 2612 511 2687 atqui
531 2614 586 2670 hoc
605 2614 711 2671 falsum
732 2632 795 2671 esse
814 2613 844 2670 in
865 2613 934 2687 Cap.
957 2613 984 2670 2.
1007 2610 1191 2670 ostendimus,
1215 2684 1217 2686 q

123 2691 237 2749 Deinde
257 2691 402 2767 supponit,
434 2712 549 2750 sensum
571 2693 729 2768 Scripturae
751 2713 786 2750 ex
806 2692 869 2769 ipsa
889 2692 1039 2767 Scriptura
1059 2696 1192 2749 constare

124 2790 185 2829 non
215 2791 315 2847 posse3
347 2791 443 2830 rerum
465 2772 541 2831 enim
562 2772 671 2831 veritas
691 2793 727 2831 er
746 2772 810 2848 ipsa
831 2772 980 2848 Scriptura
1000 2791 1058 2829 non
1079 2776 1193 2829 constat

123 2852 239 2926 (utpote
269 2872 333 2927 quaa
365 2851 436 2911 nihil
466 2854 653 2923 demonstrat,
675 2873 729 2911 nec
749 2872 796 2911 res
816 2853 851 2910 de
872 2852 975 2927 quibus
995 2851 1122 2926 loquitur
1141 2870 1193 2927 per

122 2931 305 2990 definitiones
336 2937 366 2990 et
396 2933 504 3008 primas
536 2953 603 2991 suas
627 2953 730 2992 causas
751 2933 859 3007 docet);
882 2951 971 3007 quare
991 2951 1028 2988 ex
1048 2931 1193 2989 sententia

16 3024 18 3027 “
122 3011 309 3071 Maimonidae
337 3031 430 3086 neque
462 3013 524 3089 ejus
554 3033 641 3071 verus
670 3033 774 3071 sensus
794 3033 831 3071 ex
851 3012 914 3087 ipsa
934 3016 1067 3070 constare
1087 3015 1190 3086 potest,

122 3092 253 3168 adeoque
281 3112 375 3168 neque
406 3093 526 3168 abipsa
547 3093 602 3151 erit
621 3094 772 3169 petendus.
794 3092 885 3167 Atqui
904 3093 959 3150 hoc
981 3092 1068 3150 etiam
1087 3092 1190 3149 falsum

125 3191 198 3242 esse,
230 3191 268 3230 ex
298 3174 353 3230 hoc
384 3171 486 3248 Capite
517 3178 645 3245 constet3
678 3173 855 3231 ostendimus
882 3172 957 3231 enim
980 3177 1009 3230 et
1030 3171 1141 3231 ratione
1162 3177 1192 3230 et

123 3252 273 3328 exemplis,
302 3272 417 3311 sensum
447 3253 604 3328 Scripturas
636 3273 673 3312 ex
704 3254 767 3329 ipsa
797 3254 858 3311 sola
879 3252 1029 3328 Scriptura
1049 3257 1190 3322 constare,

124 3338 155 3391 et
179 3335 216 3391 ab
236 3332 300 3408 ipse
320 3334 390 3404 sola,
413 3333 499 3391 etiam
522 3353 586 3391 cum
607 3334 643 3392 de
663 3337 750 3392 rebus
770 3333 898 3409 loquitur
917 3333 1038 3391 Lumine
1059 3332 1192 3390 Naturali

125 3412 211 3483 notis
232 3414 397 3488 petendum.
420 3413 562 3488 Supponit
576 3413 707 3489 denique,
719 3413 802 3472 nobis
813 3414 898 3472 licere
908 3413 1065 3471 secundum
1076 3417 1191 3471 nostras

124 3498 343 3569 praeconceptas
373 3492 522 3568 opiniones
552 3493 710 3569 Scripturas
742 3496 831 3552 verba
861 3493 1015 3568 explicare,
1047 3499 1190 3566 torquere,

124 3577 156 3631 et
174 3573 315 3631 literalem
337 3592 461 3644 sensum,
484 3593 655 3648 quamquam
676 3573 937 3649 perspectissimum
959 3573 1021 3630 sive
1035 3571 1191 3647 expressis-

123 3653 237 3723 simum,
269 3672 386 3728 negare,
418 3658 448 3711 et
477 3653 508 3711 in
538 3654 624 3711 alium
655 3653 786 3729 quemvis
816 3659 937 3711 mutare.
964 3653 1055 3722 Quam
1077 3651 1191 3726 quidem

123 3733 278 3804 licentiam,
311 3737 505 3808 praeterquam
537 3734 612 3808 quod
632 3733 695 3810 ipsa
716 3754 751 3792 ex
774 3733 914 3792 diametro
934 3732 978 3804 iis,
1000 3751 1064 3807 quae
1085 3732 1116 3790 iu
1137 3731 1191 3788 hoc

125 3813 229 3889 Capite
262 3818 292 3871 et
325 3813 389 3872 aliis
418 3813 688 3883 demonstravimus,
720 3819 875 3889 repugnat,
907 3833 990 3870 nemo
1022 3831 1080 3870 non
1111 3811 1190 3870 videt
