2784 4392
193 331 231 390 36
645 346 814 386 1111611166

19 532 21 545 ·
129 532 132 543 ’
192 517 242 587 611,
275 516 462 592 antiquorum
493 516 573 574 nulla
603 519 648 573 est
680 515 757 590 apud
789 513 944 576 hodiernos
964 514 1111 586 memoria,
1133 534 1186 574 nec
1206 517 1268 576 ulla

120 642 125 655 .
192 597 281 657 etiam
301 597 507 655 hodiernorum
527 595 605 671 apud
624 599 758 671 posteros
774 595 843 657 6111.
865 594 977 654 Deinde
997 615 1060 671 cap.
1079 596 1107 654 3.
1122 615 1198 656 vers.
1216 596 1263 656 ll.

192 677 271 750 dicit,
293 678 386 735 Deum
406 676 503 734 661616
523 677 613 750 probe
633 677 665 733 in
686 695 785 734 eorum
805 680 920 750 tempus
940 674 1129 747 ordinavisse,
1144 681 1266 737 611616.

193 759 240 817 14.
274 777 305 815 66
336 755 453 815 6611666
480 755 530 828 611,
559 755 643 831 quod,
666 755 799 830 quiequid
820 755 999 828 1166616611,
1021 755 1051 814 id
1071 755 1102 814 16
1123 761 1264 815 aeternum

191 835 381 913 permanebit,
402 855 456 895 neo
477 835 504 893 ei
523 835 631 911 aliquid
645 835 721 906 addi,
736 855 790 894 nec
804 836 840 894 de
855 855 888 894 eo
902 835 1009 911 aliquid
1024 836 1157 895 subtrahi
1169 856 1265 913 posse.

193 918 264 987 Quae
290 916 387 975 omnia
407 915 565 975 clarissime
585 917 699 986 docent,
721 916 862 974 Naturam
883 917 973 974 fixum
994 920 1082 991 atque
1101 916 1264 976 immutabi-

191 999 248 1056 lem
267 996 396 1055 ordinem
410 1015 537 1067 servara‚
552 997 645 1055 Deum
660 995 792 1055 omnibus
806 996 911 1055 seculis
925 996 1009 1055 nobis
1022 996 1100 1055 66116
1113 1001 1143 1054 61
1156 996 1267 1072 ignotis

192 1078 314 1138 eundern
335 1076 432 1147 fuisse,
454 1076 591 1152 legesque
611 1076 732 1135 Naturae
754 1076 826 1135 adeo
847 1077 992 1152 perfectas
1013 1082 1043 1135 61
1062 1076 1173 1135 fertiles
1191 1097 1263 1149 esse,

191 1163 225 1217 61
244 1157 280 1216 iis
299 1156 372 1216 nihil
392 1156 460 1216 addi
480 1176 573 1232 neque
593 1156 709 1215 detrahi
728 1157 829 1231 possit,
851 1161 882 1215 et
902 1157 1025 1232 denique
1045 1156 1186 1216 miracula
1205 1177 1264 1217 non

190 1237 247 1296 nisi
270 1242 391 1314 propter
411 1237 558 1296 hominum
578 1236 775 1312 ignorantiam
796 1242 828 1295 61
849 1236 955 1313 aliquid
978 1237 1048 1296 6611
1067 1236 1168 1296 videri.
1190 1238 1267 1296 Haec

190 1317 282 1393 igitur
301 1318 333 1377 in
354 1317 505 1394 Scriptura
518 1336 656 1392 61616666
670 1317 828 1388 docentur;
849 1322 881 1375 at
895 1316 1005 1388 nullibi,
1020 1318 1096 1393 quod
1110 1317 1141 1375 in
1150 1317 1265 1377 Natura

191 1398 300 1475 aliquid
331 1397 492 1473 contingat,
525 1398 600 1472 quod
628 1396 721 1473 ipsius
747 1396 861 1472 legibus
881 1403 1033 1473 repugnet,
1055 1402 1107 1456 aut
1129 1398 1206 1474 quod
1226 1418 1266 1457 61

190 1477 227 1537 iis
247 1483 373 1554 nequeat
393 1477 483 1552 sequi,
505 1478 634 1552 adeoque
655 1496 749 1552 neque
769 1477 857 1536 etiam
878 1477 1035 1553 Scripturae
1057 1478 1264 1552 affingendum.

191 1559 240 1618 Ad
260 1560 324 1618 haec
346 1558 465 1628 accedit,
489 1558 565 1633 quod
585 1556 725 1615 miracula
746 1577 850 1616 causas
870 1562 900 1616 61
920 1557 1152 1617 circumstantias
1166 1559 1263 1634 requi·

191 1644 260 1698 rant
281 1641 326 1714 (nt
344 1640 404 1715 jam
425 1638 625 1712 ostendimus),
647 1642 677 1696 61
698 1638 774 1713 quod
794 1657 853 1696 non
872 1643 1031 1713 sequantur
1045 1657 1084 1696 61
1097 1638 1193 1697 666616
1207 1658 1265 1713 666

190 1719 311 1795 imperio
342 1718 433 1793 regio,
467 1719 543 1793 quod
576 1718 681 1793 vulgus
712 1719 774 1776 Deo
808 1717 932 1793 affingit,
963 1719 1014 1776 sed
1035 1737 1074 1776 ex
1092 1718 1213 1794 imperio
1234 1723 1266 1778 et

192 1800 307 1858 decreto
329 1799 437 1871 divino,
460 1799 516 1856 hoo
537 1802 582 1856 est
604 1800 649 1872 (ut
670 1797 758 1856 etiarn
779 1816 817 1856 ex
833 1798 898 1874 ipsa
912 1797 1061 1874 Scriptura
1075 1798 1265 1872 ostendimus)

192 1898 230 1937 61
244 1880 357 1953 legibus
371 1879 492 1937 Naturae
507 1877 627 1954 ejusque
641 1877 751 1949 ordine,
765 1882 795 1936 et
806 1879 883 1954 quod
894 1878 1016 1953 denique
1027 1878 1165 1937 miracula
1175 1879 1264 1938 etiam

191 1979 209 2017 a
230 1959 430 2018 seductoribus
444 2030 447 2034 Α
461 1957 523 2016 fieri
555 1957 676 2034 possint,
702 1962 735 2016 ut
756 1958 938 2017 convincitur
961 1978 999 2017 ex
1022 1978 1085 2034 cap.
1108 1960 1154 2018 13.
1177 1959 1264 2018 Dent.

190 2043 220 2097 et
252 2059 314 2115 666.
341 2041 389 2098 24.
411 2058 487 2098 1616.
511 2039 559 2097 24.
582 2038 727 2097 Matthaei.
748 2039 794 2096 Ex
815 2039 921 2114 quibus
940 2059 1027 2115 porro
1048 2037 1267 2098 evidentissime

191 2119 330 2194 66661161,
361 2119 501 2177 miracula
533 2137 580 2176 res
611 2119 759 2177 naturales
779 2118 877 2191 fuisse,
899 2124 987 2194 61666
1008 2119 1079 2177 adeo
1101 2119 1201 2178 eadem
1222 2118 1267 2178 ita

189 2199 370 2275 explicanda,
402 2203 436 2257 ut
466 2218 559 2273 neque
591 2218 669 2257 6616
700 2200 745 2272 (61
778 2199 940 2258 Salomonis
959 2201 1049 2258 verbo
1070 2201 1148 2274 utar)
1169 2219 1265 2275 neque

189 2278 310 2338 Naturae
345 2278 540 2354 repugnantia
573 2278 737 2351 videantur,
769 2280 829 2351 sed,
863 2279 887 2338 61
918 2279 982 2338 fieri
1011 2279 1115 2355 potuit,
1147 2280 1184 2338 ad
1216 2298 1265 2338 res

189 2359 338 2418 naturales
368 2358 493 2418 maxime
524 2358 708 2430 accedentia;
743 2361 819 2435 quod
844 2365 878 2418 61
897 2359 1010 2418 facilius
1031 2362 1068 2418 ab
1088 2378 1264 2435 unoquoque

189 2439 281 2514 possit
311 2438 383 2510 fieri,
405 2439 543 2513 quasdam
565 2440 682 2514 regulas
703 2441 824 2498 616616
845 2439 995 2516 Scriptura
1015 2439 1125 2515 6611166
1145 2439 1263 2498 tradidi.

189 2519 338 2590 Attamen,
371 2519 503 2593 66616116
534 2518 648 2590 dicam,
663 2519 843 2595 Scripturam
864 2521 928 2579 11666
949 2521 1061 2590 docere,
1084 2539 1141 2577 non
1163 2524 1262 2578 tamen

188 2598 330 2674 intelligo,
352 2600 416 2658 haec
437 2601 474 2658 ab
495 2599 594 2658 eadem
616 2599 713 2658 doceri
734 2604 871 2675 tanquam
893 2600 1065 2659 documenta
1085 2598 1263 2659 adsalutem

189 2678 362 2749 necessaria,
393 2679 444 2738 sed
475 2684 591 2737 tantum
623 2680 699 2756 quod
731 2681 885 2755 Prophetae
918 2681 982 2739 haec
1013 2681 1113 2738 eadem
1144 2680 1187 2739 uti
1211 2700 1266 2739 nos

189 2759 315 2834 amplexi
346 2764 432 2831 sunt3
464 2779 553 2835 quare
584 2760 620 2818 de
645 2759 691 2818 his
712 2759 874 2835 unicuique,
896 2765 983 2836 prout
1003 2760 1058 2819 sibi
1077 2759 1180 2818 melius
1201 2780 1265 2819 esse

189 2839 305 2909 sentiet,
338 2839 375 2898 ad
407 2838 461 2898 Dei
482 2841 590 2898 cultum
612 2844 642 2898 et
663 2839 832 2915 religionem
852 2839 970 2915 integro
991 2840 1087 2899 animo
1109 2840 1265 2916 suscipien-

188 2919 266 2991 dum,
299 2919 423 2978 liberum
451 2924 496 2978 661
519 2918 695 2979 existimare.
719 2921 800 2990 Quod
822 2920 909 2979 etiam
929 2922 1076 2996 «Iosephus
1097 2920 1200 2992 sentit;
1222 2920 1265 2979 616

189 2999 265 3057 66116
297 3000 328 3057 16
360 2999 542 3058 conclusione
574 2999 654 3058 Libri
687 3001 715 3060 2.
740 3000 1266 3076 Αη116611.*6611111;1161666616

189 3081 333 3138 discredat
365 3081 448 3138 aerbo
478 3082 622 3151 miraculi,
648 3083 674 3138 61
695 3082 1182 3156 661166616161611666116611116
1199 3084 1263 3155 pri·

108 3205 111 3210 .
187 3162 261 3217 66116
293 3163 340 3218 616
367 3162 648 3235 6616116116661661·
669 3164 860 3233 morcincto,
881 3164 938 3219 aive
958 3161 1186 3231 6616616161161,
1207 3163 1266 3220 6166

187 3246 285 3314 sponte
307 3241 447 3315 revelata,·
468 3241 538 3298 olum
559 3247 584 3298 et
605 3242 652 3311 616,
676 3242 727 3315 661
747 3260 811 3298 cum
825 3241 994 3298 Alexandro
1008 3259 1071 3315 6696
1084 3241 1266 3300 Macedonia

187 3321 298 3391 fuerint
330 3322 406 3391 olim,
439 3327 466 3377 61
497 3321 656 3394 antiquitus
688 3320 921 3377 66661616611166
942 3321 1162 3396 Pamphylicum
1183 3341 1267 3380 mare

188 3400 311 3457 11616661
341 3402 386 3470 611,
409 3406 520 3457 etcum
541 3401 623 3457 61161
643 3401 699 3457 iter
718 3418 776 3457 666
797 3406 874 3470 esset,
897 3401 1051 3457 transitum
1066 3401 1196 3475 praebuit
1216 3403 1263 3471 116,

187 3480 292 3537 colente
324 3481 385 3538 Deo
411 3498 469 3554 per
498 3497 561 3536 eum
586 3474 744 3537 Persarum
768 3481 914 3538 destruere
929 3482 1131 3556 principatum
1136 3503 1148 3556 ,·
1168 3488 1193 3539 61
1213 3482 1267 3540 hoc

217 3693 227 3713 ⁴
245 3693 324 3738 Juxta
347 3691 492 3738 versionem
519 3690 676 3747 mendosam,
701 3704 776 3749 quarn
803 3691 864 3736 olim
890 3692 981 3737 Rufino
1006 3692 1048 3738 161
1067 3692 1203 3739 Ambrosio
1219 3692 1260 3737 161

187 3754 341 3800 cassiodoro
368 3752 525 3798 tribuebant.
549 3753 641 3798 Verbis
666 3757 787 3799 anostro
806 3755 926 3813 repetitis
943 3756 1047 3801 omnino
1064 3755 1207 3814 respondet
1222 3754 1265 3801 ad.

187 3816 349 3862 Coloniensis
366 3815 427 3860 anni
445 3814 512 3859 1524.
531 3827 563 3860 61
581 3815 677 3861 adibus
693 3816 815 3862 Eucherii
832 3817 988 3863 Cervicorni.
1032 3820 1035 3824 ’
