2784 4392
418 404 736 446 rasonoemoronrrrcr
757 406 821 444 111.
843 406 882 443 vr.
1146 388 1181 444 31

118 573 207 633 etiarn
225 593 262 632 ex
276 574 331 632 hoc
344 574 539 644 confirmatur,
555 574 631 649 quod
646 572 676 631 in
690 571 836 630 miraculis
850 573 947 647 plures
960 572 1184 632 circumstantias
1220 596 1221 601 ¹

118 654 347 731 reperiebantur,
373 654 505 729 quamvis
524 659 622 712 tamen
643 673 702 711 non
722 672 835 727 semper
856 656 1019 723 narrentur,
1040 653 1185 730 pracipue

118 754 185 794 cum
206 734 273 793 stilo
287 733 399 809 poetico
413 739 571 805 canantur;
594 733 829 802 circmnstantiae,
842 731 969 807 inquam,
983 732 1185 793 miraculorum

119 815 198 874 clare
229 815 394 883 ostendunt,
425 814 489 890 ipsa
520 834 623 873 causas
650 814 798 871 naturales
824 812 978 888 requirere.
1006 812 1125 889 Nempe,
1152 821 1186 873 ut

117 895 254 971 AEgyptii
279 893 375 953 scabie
401 893 617 967 infestarentur,
645 913 718 969 opus
745 894 808 964 fuit,
838 897 871 951 ut
890 894 987 952 Moses
1006 893 1135 952 favillam
1155 894 1186 952 in

117 985 216 1033 aerem
244 995 357 1033 sursum
379 980 531 1050 spargeret
551 975 627 1049 (vide
648 973 742 1032 Exodi
763 993 825 1048 cap.
848 976 875 1032 9.
897 993 939 1032 vs.
963 973 1030 1047 lo).
1052 975 1185 1033 Locustae

116 1055 206 1114 etiam
228 1075 265 1114 ex
285 1056 422 1113 mandato
436 1054 490 1113 Dei
504 1055 639 1125 naturali,
654 1072 757 1128 nempe
771 1074 809 1111 ex
822 1059 910 1112 vento
925 1053 1057 1129 orientali
1070 1055 1184 1129 integro

118 1135 167 1194 die
197 1141 227 1194 et
254 1141 339 1193 nocte
359 1135 457 1205 flaute,
479 1136 682 1211 AEgyptiorum
703 1134 850 1209 regionem
871 1133 1025 1209 petierunt,
1047 1139 1078 1192 11
1097 1139 1185 1193 vento

118 1215 292 1274 occidentali
312 1215 468 1274 fortissimo
489 1217 610 1274 eandem
631 1214 810 1291 reliquerunt
831 1213 909 1280 (vide
929 1214 1020 1272 Exod.
1039 1234 1063 1272 1.
1080 1216 1184 1273 11111.

121 1294 168 1367 14,
203 1297 273 1371 la).
305 1296 413 1354 Eodem
444 1295 530 1354 etiam
558 1296 612 1354 Dei
638 1295 721 1371 jussu
742 1314 821 1352 mare
841 1293 918 1352 viam
939 1293 1052 1352 Judeeis
1072 1295 1187 1370 aperuit

120 1375 199 1450 (vide
218 1376 310 1434 Exod.
333 1395 358 1434 1.
382 1376 428 1434 14.
450 1395 493 1434 vs.
517 1377 587 1449 21.),
609 1394 712 1451 nempe
732 1376 818 1445 Euro,
840 1374 1057 1449 quifortissime
1070 1374 1185 1449 integra

119 1460 205 1514 nocte
225 1456 317 1514 flavit.
339 1456 458 1527 Deinde,
481 1460 513 1514 ut
533 1455 613 1514 Elisa
631 1475 763 1532 puerum,
785 1454 834 1530 qui
854 1458 985 1513 mortuus
1005 1456 1184 1523 credebatur,

118 1536 269 1608 excitaret,
301 1536 453 1611 aliquoties
473 1555 562 1611 puero
582 1535 749 1594 incumbere
770 1534 876 1605 debuit,
899 1535 989 1593 donec
1009 1534 1089 1610 prius
1109 1535 1185 1593 inca-

118 1616 214 1688 luerit,
236 1622 266 1675 et
286 1617 403 1674 tandem
425 1617 521 1675 oculos
542 1615 688 1691 aperuerit
709 1615 787 1690 (vide
808 1615 879 1690 Reg.
901 1615 950 1675 lib.
973 1617 1000 1674 2.
1020 1634 1082 1691 cap.
1097 1616 1125 1674 4.
1140 1635 1183 1674 vs.

118 1698 167 1766 34,
190 1698 260 1771 35).
282 1696 329 1755 Sic
349 1697 436 1754 etiam
457 1696 487 1753 in
507 1696 667 1771 Euangelio
688 1695 812 1754 Joannis
832 1714 895 1770 cap.
918 1697 945 1753 9.
968 1696 1100 1770 quaedam
1120 1715 1184 1753 nar·

117 1781 222 1835 rantur
253 1775 486 1843 circumstantiae,
519 1776 624 1851 quibus
652 1775 785 1835 Christus
811 1795 881 1833 usus
902 1780 946 1833 est
965 1775 1002 1833 ad
1025 1776 1184 1834 sanandum

118 1876 245 1926 coecum3
267 1862 297 1914 et
317 1856 358 1914 sic
379 1856 436 1914 alia
456 1857 547 1915 multa
567 1856 598 1914 in
620 1855 776 1932 Scripturis
796 1854 988 1931 reperiuntur,
1010 1875 1074 1930 quae
1089 1855 1185 1913 omnia

118 1936 191 1994 satis
211 1938 376 2009 ostendunt,
399 1937 537 1995 miracrda
558 1937 643 2007 aliud,
666 1956 751 2011 quam
773 1937 934 1994 absolutum
955 1935 1018 2006 Dei,
1040 1941 1072 1994 ut
1093 1936 1183 2011 ajunt,

118 2017 285 2075 mandatum
307 2016 463 2092 requirere.
486 2016 582 2086 Quare
603 2017 785 2087 eredendum,
808 2015 939 2091 quamvis
960 2014 1184 2074 circumstantiae

6 2138 9 2141 ,
118 2096 330 2169 miraculorum,
362 2116 518 2172 eorumque
547 2098 696 2155 naturales
727 2116 832 2168 causac,
864 2115 922 2154 non
953 2115 1066 2170 semper
1093 2115 1185 2170 neque

119 2196 218 2234 omnes
249 2181 430 2247 enarrentur,
459 2176 597 2236 miracula
618 2183 715 2235 tamen
736 2196 794 2234 non
815 2176 878 2233 sine
898 2175 998 2233 iisdem
1019 2175 1182 2250 contigisse.

121 2257 201 2326 Quod
232 2256 318 2315 etiarn
350 2261 464 2316 constat
495 2277 533 2315 ex
563 2257 656 2315 Exodi
687 2276 750 2332 cap.
781 2258 827 2314 14.
856 2275 899 2314 va.
922 2257 979 2325 27,
1000 2256 1050 2313 ubi
1070 2260 1183 2313 tanturn

119 2342 264 2408 narratur,
297 2337 373 2413 quod
400 2357 437 2395 ex
465 2339 526 2395 solo
546 2343 619 2395 nutu
639 2337 730 2395 Mosis
750 2356 829 2394 mare
849 2336 954 2395 iterum
974 2335 1109 2406 intimuit,
1131 2356 1184 2394 nec

120 2417 178 2474 ulla
198 2417 278 2475 venti
299 2417 407 2475 mentio
428 2418 469 2476 111.
491 2418 529 2475 Et
549 2423 646 2476 tamen
667 2417 697 2475 iu
719 2416 837 2476 Cantica
860 2422 933 2491 (cap.
957 2418 1003 2474 15.
1025 2435 1100 2473 vers.
1124 2417 1182 2485 10.)

120 2497 232 2569 dicitur,
253 2496 283 2556 id
304 2496 459 2572 contigisse
480 2517 518 2555 ex
539 2518 581 2569 eo,
604 2498 679 2573 quod
702 2499 779 2555 Deus
800 2500 888 2554 vento
909 2517 960 2554 suo
974 2496 1012 2569 (id
1027 2503 1080 2566 est,
1096 2501 1183 2554 vento

120 2576 286 2654 fortissimo)
314 2577 443 2648 flaverit3
472 2597 562 2653 quare
588 2579 653 2637 hac
674 2576 891 2636 circumstantia
911 2576 940 2634 in
962 2576 1082 2634 historia
1103 2576 1183 2634 omit·

121 2657 201 2727 titur,
223 2662 253 2715 et
273 2657 441 2716 miraculum
464 2677 499 2715 11
519 2659 555 2715 de
575 2678 663 2716 causa
683 2659 777 2733 majus
790 2657 915 2716 videtur.
929 2657 971 2714 At
984 2657 1080 2714 forsan
1096 2655 1183 2714 insta-

123 2736 165 2794 bit
184 2737 295 2812 aliquis,
318 2757 372 2796 nos
392 2738 528 2813 perplura
548 2738 578 2795 in
600 2737 757 2813 Scripturis
777 2736 912 2812 reperire,
928 2757 993 2812 quae
1008 2737 1085 2795 nullo
1100 2737 1183 2794 modo

122 2837 174 2892 per
193 2837 295 2876 causas
316 2819 464 2876 naturales
484 2817 620 2877 videntur
641 2838 725 2894 posse
746 2817 900 2893 explicari3
921 2821 955 2875 111
975 2818 1050 2892 quod
1065 2821 1184 2891 peccata

123 2897 277 2969 hominum,
303 2917 458 2972 eorumque
478 2898 666 2973 precationes,
688 2903 809 2974 possunt
830 2916 893 2955 esse
913 2896 1019 2972 pluviae
1040 2901 1185 2971 terraeque

121 2976 279 3036 fertilitatis
300 2997 395 3048 causa,
417 2982 469 3036 aut
489 2979 565 3053 quod
586 2979 658 3036 fides
678 2998 772 3037 coecos
793 2996 896 3036 sanare
916 2976 1019 3052 potuit,
1035 2976 1133 3034 atalia
1147 2977 1184 3034 ad

3 3110 5 3113 ,
120 3057 198 3115 hunc
229 3059 353 3125 modurn,
383 3078 447 3133 quae
477 3057 506 3114 in
535 3058 635 3116 Bibliis
655 3063 820 3116 narrantur.
843 3058 898 3115 Sed
920 3058 955 3116 ad
977 3058 1040 3114 haec
1061 3076 1106 3114 me
1124 3056 1183 3131 jam
1300 3120 1305 3129 Ι

122 3138 303 3212 respondisse
322 3142 409 3213 puto:
432 3139 544 3196 ostendi
564 3139 650 3206 enirn,
673 3139 850 3214 Scripturam
871 3157 919 3195 res
940 3140 997 3195 non
1018 3138 1119 3195 docere
1133 3155 1185 3211 per

121 3217 267 3292 proximas
288 3238 356 3276 11111
377 3237 488 3288 causas,
510 3220 559 3276 sed
578 3223 691 3277 tantum
706 3239 752 3277 res
766 3238 800 3276 eo
815 3217 915 3275 ordine
928 3217 1018 3292 iisque
1031 3216 1185 3292 phrasibus

123 3316 249 3368 narrare,
260 3300 376 3373 ‘quibus
396 3298 521 3356 maxime
541 3299 679 3371 homines,
702 3304 731 3355 et
751 3298 896 3374 praecipue
913 3299 1033 3373 plebem,
1049 3298 1085 3355 ad
1100 3297 1184 3355 devo-

122 3376 228 3436 tionern
259 3397 376 3436 movero
406 3383 517 3453 potest,
550 3384 580 3437 et
611 3380 665 3437 hac
691 3379 972 3437 decausadeDeo
993 3382 1023 3435 et
1044 3378 1185 3435 derebus

123 3457 272 3516 admodum
295 3458 449 3534 improprie
470 3459 605 3535 loquitur,
629 3459 696 3534 quia
717 3458 850 3517 nimirum
871 3478 930 3515 non
950 3457 1101 3515 Rationem
1116 3470 1185 3515 eon·v

122 3536 245 3608 vincere,
268 3539 319 3596 sed
340 3538 485 3596 hominum
508 3540 690 3614 phantasiam
713 3544 742 3597 et
763 3538 998 3613 imaginationem
1019 3538 1133 3595 afficere
1154 3540 1185 3595 11

124 3636 262 3693 occupare
283 3619 389 3678 studet.
412 3618 442 3676 si
463 3619 537 3677 enim
559 3619 714 3694 Scriptura,
722 3619 915 3677 vastationem
929 3618 1049 3692 alicujus
1062 3615 1184 3692 imperii,

122 3702 156 3756 ut
174 3698 304 3757 historici
323 3698 432 3774 politici
446 3700 548 3770 solent,
563 3704 706 3769 narraret,
721 3700 749 3757 id
764 3700 876 3775 plebem
891 3698 962 3756 nihil
976 3700 1183 3767 commoveret3

123 3782 155 3835 at
173 3783 274 3836 contra
295 3778 427 3850 maxime,
443 3778 467 3836 si
482 3779 577 3838 omnia
590 3780 702 3855 poetice
716 3779 854 3854 depingat
868 3783 898 3837 et
911 3780 947 3836 ad
962 3780 1053 3836 Deum
1068 3778 1185 3847 referat,

3 3882 7 3891 .
122 3858 196 3932 quod
217 3860 415 3919 facerasolet.
437 3859 508 3918 (lum
528 3859 628 3935 itaque
648 3858 797 3934 Scriptura
817 3863 927 3928 narrat,
945 3864 1053 3916 terram
1067 3861 1186 3933 propter
