2784 4392
483 384 800 424 mmmmm-romara
822 386 886 426 oar.
908 387 937 426 v.
1209 367 1245 426 11

173 555 277 612 inentis
298 555 409 623 retrudi,
432 555 463 610 tn
487 555 628 611 creaturis
647 556 709 611 suis
728 571 781 628 per
802 555 971 611 intellectum
986 556 1210 628 conspiciuntur,
1221 562 1247 612 et

174 637 267 692 virtus
300 641 324 691 et
352 635 489 691 diviuitas
515 634 583 709 ejece,
604 652 667 708 pure
688 636 778 691 estin
799 641 945 705 ueternum,
968 636 1038 692 adeo
1059 641 1091 691 ret
1109 637 1167 691 siut
1186 638 1246 693 sire

174 715 291 789 effoeto.
315 713 425 782 Quibus
439 713 510 770 satis
521 714 598 771 clare
608 713 727 782 indicat,
740 733 971 790 unumquemque
983 714 1104 772 Lumine
1113 714 1247 774 Naturali

175 795 253 852 clare
267 793 432 867 intelligere
446 793 500 851 Dei
511 793 651 851 virtutem
663 798 693 851 et
704 798 842 851 aeternam
854 793 1044 866 divinitatem,
1057 814 1094 852 ex
1105 814 1162 869 qua
1173 794 1247 853 scire

174 880 204 932 et
226 875 367 931 deducere
388 878 518 947 possunt,
541 873 610 948 quid
630 873 666 931 iis
687 875 872 948 quaerendum
893 875 998 948 quidve
1012 875 1179 949 fugiendum
1191 875 1245 945 sit3

176 954 305 1029 adeoque
346 953 499 1023 concludit,
532 973 631 1011 omnes
662 953 724 1011 sine
756 955 861 1027 effugio
895 974 966 1023 esse,
998 974 1052 1013 nec
1080 954 1247 1029 ignorantia

174 1033 309 1092 excusari
330 1053 430 1108 posse3
453 1034 530 1108 quod
551 1034 680 1108 profecto
702 1039 829 1108 possent,
852 1036 877 1091 si
898 1035 932 1092 de
953 1035 1060 1093 lumine
1074 1039 1245 1110 supranatu-

173 1113 228 1172 rali
254 1115 429 1188 loqueretur,
455 1118 485 1170 et
506 1115 541 1171 de
562 1115 671 1171 carnali
693 1114 799 1172 Christi
821 1114 955 1189 passione
976 1120 1006 1172 et
1027 1115 1246 1187 resurrectione,

173 1199 228 1253 ete.
250 1194 289 1251 Et
310 1194 374 1251 ideo
395 1195 480 1268 paulo
502 1193 578 1251 infra
600 1214 673 1252 vera.
698 1197 744 1252 24.
767 1195 817 1252 sic.
837 1195 949 1269 pergit:
973 1195 1097 1269 Propter
1117 1198 1168 1253 loe
1188 1203 1247 1253 tra·

173 1276 248 1333 didit
279 1293 323 1332 eos
360 1275 434 1331 Deus
454 1277 485 1331 iu
507 1277 749 1349 concupiscentius
768 1277 935 1332 bermundus
956 1277 1050 1334 cordis
1069 1295 1175 1345 eorum,
1197 1283 1246 1334 etc.

173 1355 322 1429 usquead
344 1355 430 1411 finem
452 1352 563 1429 capitis,
586 1355 689 1428 quibus
711 1354 783 1412 vitia
804 1355 979 1429 ignorantiae
1001 1354 1144 1425 describit,
1157 1374 1247 1430 eaque

174 1439 313 1509 tanquam
336 1433 510 1507 ignorantia
532 1435 673 1509 supplicia
694 1440 828 1505 enarrat;
851 1436 926 1510 quod
938 1436 1024 1510 plane
1036 1434 1171 1493 convenit
1182 1456 1247 1494 cum

173 1513 332 1571 Proverbio
353 1514 402 1571 illo
424 1514 584 1571 Salomonis
605 1534 666 1590 cap.
692 1517 738 1572 16.
761 1535 836 1574 vers.
853 1516 911 1587 22,
928 1516 1003 1590 quod
1013 1516 1072 1591 jam
1084 1514 1245 1586 citavimus

175 1653 279 1708 nempe
307 1616 386 1693 1¹1th
409 1616 505 1692 D'b'tb'
529 1636 613 1693 'Dim
640 1642 665 1692 et
685 1637 860 1708 supplicium
883 1636 1037 1692 stultorum
1058 1641 1097 1692 eat
1116 1635 1247 1692 stultitia.

177 1714 272 1782 Quare
300 1733 359 1770 non
379 1713 492 1783 mirum,
515 1715 591 1789 quod
614 1714 690 1771 dicat
711 1715 828 1787 PaulpS,
851 1715 996 1771 maleficos
1017 1734 1080 1772 esse
1100 1713 1248 1771 inexcusa-

176 1793 264 1851 biles:
286 1792 360 1850 Nam
381 1798 468 1868 prout
489 1793 685 1868 unusquisque
706 1793 836 1866 seminat,
858 1794 900 1852 ita
921 1798 1019 1864 metet,
1031 1814 1069 1852 ex
1079 1793 1162 1851 malis
1172 1793 1248 1851 mala

177 1872 340 1930 necessario
373 1878 541 1947 sequuntur,
573 1873 629 1930 nisi
660 1873 807 1948 sapienter
839 1874 1031 1948 corrigantur,
1059 1879 1088 1931 et
1108 1894 1146 1931 ex
1166 1873 1248 1931 bonis

176 1953 261 2023 bona,
285 1952 318 2009 si·
332 1951 419 2009 animi
440 1953 604 2010 constantia
625 1953 787 2011 comitetur.
810 1954 960 2029 Scriptura
979 1955 1078 2030 itaque
1098 1955 1208 2011 Lumen
1220 1958 1249 2012 et

179 2032 288 2107 Legem
310 2031 438 2090 divinam
458 2032 627 2091 Naturalem
648 2035 779 2091 absolute
801 2035 994 2107 commendam
1017 2040 1103 2109 atque
1118 2034 1171 2106 his,
1187 2054 1250 2108 quae

110 2138 112 2141 ·
176 2112 208 2170 in
230 2113 285 2171 hoc
306 2111 407 2187 Capite
428 2132 515 2186 agere
536 2133 751 2189 proposueram,
774 2114 895 2173 absolvi.

599 2325 768 2384 CAPUT
788 2326 825 2382 V.

177 2522 224 2580 De
246 2523 367 2595 ratione,
389 2541 442 2580 cur
467 2521 647 2580 Ooererronr'ee
667 2524 803 2579 institutae
822 2524 952 2595 fuerint·
973 2529 998 2579 et
1019 2523 1053 2579 de
1069 2522 1142 2579 Fide
1157 2523 1251 2580 Histo-

245 2605 373 2672 riarum,
395 2621 502 2676 nempe,
525 2621 582 2676 quu
604 2604 717 2659 ratione
738 2606 763 2660 et
784 2604 888 2677 periture
910 2622 942 2659 ec
964 2605 1124 2659 necessaria
1145 2604 1190 2660 sit.

219 2796 255 2854 ln
275 2796 423 2872 superiore
445 2796 545 2872 Capite
567 2796 754 2870 ostendimus
777 2798 870 2870 legem
891 2795 1029 2865 divinam,
1045 2796 1250 2871 quaehomines

179 2895 248 2934 vere
279 2879 381 2934 beatos
412 2877 507 2934 reddit
528 2881 558 2934 et
578 2897 677 2935 veram
699 2876 789 2935 vitam
811 2878 903 2946 docet,
926 2877 1058 2934 omnibus
1079 2897 1141 2935 esse
1162 2877 1249 2935 homi-

179 2955 264 3014 nibus
285 2957 491 3029 universalem3
512 2956 569 3014 imo
591 2977 654 3015 eam
675 2977 714 3015 ex
734 2958 861 3015 humana
882 2961 987 3014 natura
1006 2957 1048 3015 ita
1069 2957 1249 3030 deduximus,

178 3040 212 3093 ut
244 3036 307 3111 ipsa
338 3032 471 3096 humanae
502 3037 594 3094 menti
618 3037 720 3094 innata
745 3042 775 3094 et
796 3037 877 3112 quasi
897 3036 1037 3111 inscripta
1058 3037 1251 3096 existimanda

179 3115 226 3173 sit.
249 3116 319 3174 (lum
341 3121 437 3176 autem
449 3117 646 3186 caeremoniae,
669 3137 711 3175 ere
732 3117 834 3174 saltem
856 3136 920 3191 quae
941 3117 1086 3174 habentur
1098 3117 1128 3174 in
1143 3119 1250 3176 Vetere

180 3196 375 3267 Testamento,
407 3197 541 3255 Hebraeis
571 3201 685 3254 tantum
717 3196 867 3267 institutae,
899 3201 930 3253 et
950 3215 1048 3254 eorum
1068 3196 1187 3271 imperio
1207 3197 1250 3254 ita

180 3276 402 3335 accommodatae
422 3277 540 3349 fuerint,
561 3281 595 3335 ut
615 3275 742 3335 maxima
757 3297 794 3334 ex
808 3281 892 3352 parte
907 3278 943 3334 ab
954 3276 1090 3334 universa
1101 3276 1248 3347 societate,

181 3375 240 3413 non
272 3361 369 3415 antem
400 3359 436 3415 ab
463 3377 635 3432 unoquoque
657 3356 786 3416 exerceri
807 3357 970 3431 potuerint;
992 3362 1101 3414 certum
1124 3361 1176 3424 est,
1199 3376 1248 3415 eas

181 3436 218 3493 ad
247 3436 342 3511 legem
364 3436 491 3494 divinam
512 3457 570 3494 non
591 3437 745 3512 pertinere,
768 3437 895 3511 adeoque
916 3456 970 3494 nec
990 3437 1076 3494 etiam
1099 3437 1135 3494 ad
1156 3436 1249 3495 beati·

180 3514 310 3574 tudinem
338 3520 368 3573 et
388 3515 526 3575 virtutem
547 3517 654 3592 aliquid
674 3518 784 3587 facere3
806 3518 857 3574 sed
878 3536 928 3574 eas
949 3517 1037 3574 solam
1059 3517 1250 3575 Hebraeorum

181 3596 359 3667 electionem,
391 3596 446 3655 hoo
479 3602 523 3655 est
554 3599 616 3672 (per
648 3617 691 3659 ea.
726 3617 790 3672 qnae
811 3597 841 3654 in
862 3596 949 3655 tertio
970 3596 1039 3670 (lap.
1062 3597 1250 3670 ostendimus)

180 3677 271 3734 solam
296 3676 425 3752 corporis
445 3683 661 3752 temporaneam
681 3677 850 3735 felicitatem
872 3683 901 3735 et
921 3677 1034 3751 imperii
1055 3676 1249 3751 tranquillita-

181 3773 249 3826 tem,
271 3757 424 3833 respicere,
446 3763 658 3834 proptereaque
679 3757 795 3815 nonnisi
816 3762 913 3815 stante
928 3777 1025 3815 eorum
1036 3756 1155 3832 imperio
1165 3756 1251 3814 ullius

181 3856 250 3895 usus
272 3856 334 3896 esse
354 3837 491 3914 potuisse.
515 3838 545 3896 Si
565 3858 605 3897 eae
625 3837 716 3913 igitur
736 3838 767 3896 in
789 3839 894 3896 Vetere
909 3839 1093 3896 Testamento
1109 3837 1251 3911 adlegem
