2784 4392
437 338 753 380 mnemonico-romum
774 338 838 377 car.
859 338 900 377 vr.
1162 323 1200 379 25

136 505 314 576 extendant3
346 504 418 564 olias
448 505 524 564 enim
555 506 623 582 quid
652 506 730 564 aliud
751 505 897 578 statuitur,
920 525 1006 580 quam
1027 506 1102 581 quod
1124 507 1203 565 Deus

137 585 279 644 Naturam
310 587 382 644 adeo
412 585 599 662 impotentem
626 585 777 657 creaverit,
799 586 917 661 ejusque
937 586 1016 660 leges
1037 592 1066 645 et
1086 587 1203 662 regulas

137 666 211 724 adeo
243 665 356 724 steriles
381 665 524 736 statuerit,
546 671 579 724 ut
599 685 677 742 saepe
698 665 733 724 de
754 685 829 724 novo
850 666 877 724 ei
897 665 1051 724 subvenire
1071 671 1201 742 cogatur,

137 744 164 803 si
180 764 258 804 eam
289 751 490 805 conservatam
520 747 593 817 vult,
614 751 645 804 et
664 752 698 804 ut
718 765 765 805 res
786 754 823 804 e'x
844 753 913 804 voto
933 746 1104 817 succedant;
1126 749 1202 822 quod

138 844 210 884 sane
230 846 248 884 a
268 826 392 885 Ratione
412 825 616 885 alienissimum
637 845 701 884 esse
721 825 863 884 existimo.
885 827 931 884 Ex
944 825 990 884 his
1002 824 1108 902 itaque,
1125 827 1200 902 quod

136 904 168 963 in
198 905 311 965 Natura
337 906 409 964 nihil
429 906 581 982 contingit,
603 906 679 982 quod
701 927 738 964 ex
759 906 821 981 ejus
840 905 952 981 legibus
973 925 1031 964 non
1052 906 1200 982 sequitur;

136 990 168 1043 et
188 987 264 1062 quod
286 987 349 1062 ejus
367 987 447 1062 leges
467 987 505 1044 ad
525 986 630 1057 omnia,
652 1007 717 1063 quae
738 991 768 1045 et
787 988 825 1044 ab
844 985 907 1062 ipso
928 985 1034 1044 Divino
1054 986 1202 1046 intellectu

136 1066 347 1142 concipiuntur,
378 1086 410 1125 ee
440 1064 617 1137 extendunt}
649 1071 679 1125 et
710 1067 785 1142 quod
816 1066 937 1141 denique
968 1065 1080 1124 Natura
1110 1067 1201 1126 fixum

136 1150 224 1221 atque
242 1146 449 1205 immutabilem
470 1147 598 1205 ordinem
620 1152 734 1216 servat;
756 1146 913 1205 clarissime
933 1146 1071 1221 seqnitur,
1094 1166 1198 1205 nomen

134 1225 267 1284 miraculi
297 1247 355 1285 non
386 1226 441 1285 nisi
471 1226 633 1302 respective
660 1227 697 1285 ad
718 1226 864 1285 hominum
886 1226 1035 1302 opiniones
1054 1246 1139 1302 posse
1158 1227 1200 1285 in·

131 1305 236 1387 ‘telligi
268 1312 298 1365 et
327 1307 399 1365 nihil
430 1306 506 1366 alind
538 1307 711 1382 significare,
743 1326 828 1382 quam
858 1326 939 1383 opus,
972 1307 1054 1382 cujus
1083 1326 1199 1365 causam

134 1388 295 1445 naturalem
327 1387 458 1463 exemplo
478 1387 598 1445 alterius
618 1387 661 1446 rei
681 1387 773 1446 solitae
794 1386 939 1463 explicare
959 1406 1018 1445 non
1038 1406 1198 1462 possumne,

136 1466 185 1524 vel
214 1467 314 1525 saltem
346 1467 409 1542 ipse
426 1486 491 1525 anon
512 1471 617 1543 potest,
639 1467 689 1543 qui
709 1467 878 1526 miraculum
898 1466 998 1525 scribit
1018 1472 1069 1526 aut
1089 1472 1198 1527 narrat.

135 1546 252 1604 Possem
288 1546 401 1622 quidem
432 1547 536 1616 dicere,
566 1547 735 1606 miraculum
766 1566 828 1605 esse
857 1546 896 1618 id,
929 1548 1012 1623 cujus
1042 1567 1129 1606 causa
1161 1567 1199 1606 ex

134 1625 282 1702 principiis
312 1646 408 1685 rernm
438 1627 614 1686 naturalium
645 1627 766 1686 Lumine
796 1626 930 1686 Naturali
956 1627 1033 1685 uotis
1061 1627 1200 1703 explicari

134 1705 250 1782 nequit;
272 1726 382 1778 verum,
404 1706 539 1783 quoniam
560 1707 699 1766 miracula
713 1708 750 1765 ad
764 1712 880 1784 captum
891 1707 972 1782 vulgi
982 1708 1062 1766 facta
1071 1709 1198 1777 fuerunt,

133 1787 211 1860 quod
250 1786 365 1862 quidem
400 1787 542 1864 principia
576 1807 672 1846 rerum
707 1787 882 1846 naturalium
916 1788 1001 1862 plane
1035 1787 1197 1862 ignorabat,

132 1869 243 1924 certum
275 1872 328 1936 est,
356 1867 489 1943 antiquos
509 1867 538 1925 id
558 1888 611 1944 pro
632 1868 770 1939 miraculo
790 1867 934 1936 habuisse,
956 1868 1032 1943 quod
1052 1868 1197 1944 explicare

133 1964 192 2004 non
223 1952 358 2022 poterant
388 1967 423 2006 eo
453 1948 547 2018 modo,
578 1968 635 2024 quo
666 1949 772 2023 vulgus
803 1967 850 2006 res
877 1949 1025 2007 naturales
1051 1948 1198 2023 explicare

132 2026 216 2095 solet,
247 2028 420 2085 recurrendo
451 2022 560 2086 scilicet
578 2029 615 2086 ad
636 2028 810 2098 memoriam,
832 2032 866 2086 ut
886 2027 1005 2086 alterius
1024 2028 1066 2086 rei
1087 2027 1198 2097 simil»,

132 2125 221 2181 quam
252 2106 314 2164 sine
341 2106 530 2166 admiratione
556 2107 710 2183 imaginari
731 2109 812 2177 solet,
833 2109 1015 2179 recordetur;
1038 2113 1099 2166 tum
1120 2107 1195 2166 enim

132 2186 239 2261 vulgus
268 2206 328 2245 rem
361 2186 486 2262 aliquam
517 2207 548 2245 se
568 2188 639 2247 satis
659 2184 821 2263 intelligere
842 2187 997 2258 existimat,
1019 2207 1084 2246 cum
1104 2188 1195 2264 ipram

131 2285 193 2324 non
222 2266 388 2326 admiratur.
422 2267 542 2343 Antiqui
571 2268 678 2343 itaque,
711 2274 741 2326 et
772 2287 871 2326 omnes
900 2268 960 2326 fere
980 2268 1009 2325 in
1030 2269 1085 2326 hoc
1106 2288 1196 2344 usque

132 2349 255 2420 tempus,
293 2347 401 2405 nullam
438 2352 545 2423 praeter
579 2349 656 2407 hanc
689 2366 819 2407 normam
851 2348 980 2406 miraculi
1012 2349 1194 2420 habuerunt;

130 2444 222 2500 qnare
252 2446 311 2485 non
341 2427 540 2500 dubitandum,
572 2428 641 2503 quin
668 2428 697 2485 in
726 2428 816 2487 sacris
836 2428 928 2486 literis
947 2428 1038 2486 multa
1059 2434 1195 2504 tanquam

131 2504 270 2564 miracula
300 2513 464 2578 narrentur,
496 2527 617 2583 quorum
647 2528 741 2567 oausae
772 2528 810 2566 ex
830 2507 977 2583 principiis
997 2528 1093 2566 rerum
1113 2513 1194 2568 natu

132 2585 235 2644 ralinrn
266 2587 342 2645 notis
372 2587 455 2646 facile
485 2593 607 2663 possunt
637 2587 785 2663 explicari,
812 2594 845 2646 ut
862 2588 923 2664 jam
943 2608 1031 2664 snpra
1051 2588 1196 2654 innuimus

132 2664 165 2723 in
193 2662 262 2741 Cap.
296 2668 334 2737 2.,
365 2688 430 2726 cum
461 2669 496 2727 de
523 2688 565 2738 eo,
593 2669 667 2743 quod
690 2668 733 2726 sol
754 2667 869 2726 steterit
888 2673 1017 2744 ternpore
1038 2668 1144 2739 Josuae,
1167 2673 1196 2727 et

133 2747 209 2821 quod
240 2749 460 2822 retrogradatus
488 2748 577 2807 irretit
596 2753 726 2824 tempore
745 2749 854 2817 Achaz‚
876 2748 987 2823 loquuti
1006 2768 1124 2819 sumus;
1147 2750 1196 2807 sed

133 2825 169 2883 de
195 2825 241 2885 his
267 2846 336 2885 mox
356 2827 496 2904 prolixius
516 2848 644 2903 agemus,
666 2848 768 2904 nempe
789 2829 865 2887 circa
885 2828 1086 2887 miraculorum
1102 2828 1195 2887 'inter-

132 2906 333 2981 pretationem
356 2909 391 2967 de
412 2928 469 2983 qua
489 2908 519 2966 in
541 2909 595 2966 hoc
616 2908 717 2983 Capite
737 2928 824 2984 agere
844 2907 971 2984 promisi.

172 2985 228 3044 Hic
255 2986 315 3062 jam
346 2993 459 3064 tempus
489 2993 542 3059 est,
574 2993 607 3046 ut
634 2989 670 3047 ad
690 2991 846 3047 secundum
866 2991 1020 3057 transeam,
1041 3007 1143 3062 nempe
1164 2993 1197 3046 ut

131 3068 291 3137 ostendam,
312 3087 366 3126 nos
386 3088 421 3126 ex
441 3067 586 3127 miraculis
606 3088 659 3126 nec
680 3069 734 3127 Dei
754 3067 917 3139 essentiam,
939 3088 992 3127 nec
1003 3067 1195 3137 existentiam,

133 3164 187 3204 nec
206 3146 417 3222 providentiam
437 3168 522 3223 posse
542 3148 712 3223 intelligere,
734 3149 784 3207 sed
806 3153 908 3207 contra
921 3149 983 3207 haec
996 3148 1082 3223 longe
1096 3147 1197 3206 melius

134 3225 243 3302 percipi
279 3247 314 3286 ex
348 3228 407 3286 fixo
437 3234 523 3303 atque
554 3228 725 3287 immutabili
755 3228 873 3287 Naturae
904 3228 1022 3299 ordine3
1054 3229 1091 3287 ad
1121 3228 1196 3304 quod

133 3306 387 3366 demonstrandum
408 3307 449 3366 sic
468 3310 600 3384 procedo.
623 3308 693 3368 Cum
715 3308 769 3367 Dei
789 3308 942 3367 existentia
963 3328 1021 3367 non
1042 3309 1080 3367 sit
1099 3327 1197 3384 perse

133 3389 239 3456 nota*,
260 3388 346 3446 debet
365 3388 526 3446 necessario
547 3388 678 3447 concludi
700 3408 738 3446 ex
758 3388 933 3456 notionibus,
955 3409 1077 3464 quarum
1088 3386 1197 3446 veritas

133 3465 206 3524 adeo
226 3468 308 3526 firma
329 3471 359 3525 et
378 3467 549 3527 inconcussa
569 3468 615 3538 sit,
637 3474 670 3527 ut
690 3469 770 3527 nulla
790 3468 854 3527 dari
874 3488 967 3544 neque
980 3468 1092 3545 concipi
1105 3467 1197 3542 possit

132 3546 272 3622 potentia,
294 3568 312 3606 a
332 3567 389 3623 qua
410 3548 521 3624 possint
541 3548 695 3607 immutari.
716 3547 807 3607 Nobis
827 3549 929 3608 saltem
950 3551 987 3607 ab
1007 3568 1041 3607 eo
1058 3559 1195 3624 tempore,

132 3645 190 3702 quo
221 3647 256 3685 ox
286 3627 322 3686 iis
349 3628 402 3686 Dei
427 3629 609 3687 existentiam
629 3628 834 3700 concludimus
856 3628 898 3687 ita
920 3648 1060 3705 apparere
1081 3630 1194 3698 debent,

129 3753 344 3763 ——u———--

159 3804 173 3830 ¹¹
190 3805 228 3851 Cf.
245 3806 338 3853 Annot.
353 3805 395 3853 vl.
