2784 4392
194 319 233 383 ,58
620 381 624 388 ,
645 334 813 373 reserares

194 505 303 562 nullum
323 504 416 561 laeum
437 523 455 561 a
475 503 536 560 Deo
557 502 679 560 eleeturn
699 501 816 571 indicat,
832 501 882 558 sed
897 500 1148 576 cuntrapraediait,
1160 503 1256 561 Deum

193 586 286 643 laeum
317 583 441 658 aliquem
465 583 532 640 olim
553 583 720 650 electurum,
742 581 788 640 eui
809 600 913 638 nomen
933 581 987 638 Dei
1006 580 1186 656 imponetur·
1201 582 1253 640 Vl.

194 665 315 739 denique
335 667 427 733 notat,
449 663 526 738 qued
547 682 609 737 eap.
632 664 659 720 3.
680 663 799 720 Denter.
821 661 981 719 narrationi
995 661 1041 736 Og
1056 661 1145 736 Regis
1158 663 1258 721 Basan

194 747 257 803 haee
283 744 513 818 interponantur,
545 744 630 800 Solus
655 742 696 817 Op
717 743 780 800 Rea
800 743 902 799 Basaa
922 744 1028 799 iaaasr't
1047 762 1081 800 ea
1101 744 1219 818 reliquis
1245 740 1257 773 ¹

192 825 362 900 meantibus,
385 843 442 881 erae
463 825 538 899 qaod
559 825 644 881 leatus
664 825 726 897 eJ‘as
746 829 808 879 erat
829 823 915 879 lectas
935 823 1056 892 ferreus,
1081 824 1106 879 is
1120 822 1257 880 cartelera·

194 918 241 963 tus
262 906 312 980 qut
332 911 371 962 est
391 907 423 960 ia
443 904 538 961 nabat
559 905 687 976 filioram
710 903 826 960 Hamae
846 921 943 960 aorem
965 903 1071 960 rabdos
1084 903 1192 976 leupus,
1204 910 1255 960 eta.

194 986 264 1054 Quae
291 984 473 1060 parenthesis
493 982 651 1041 clarissime
670 982 788 1052 indicat,
807 983 910 1039 horum
925 981 1064 1040 librorum
1082 981 1256 1057 Scriptorem

193 1066 279 1139 lange
300 1065 407 1123 vixisse
427 1068 493 1139 post
513 1064 632 1133 Mosen3
654 1062 701 1120 hie
714 1061 790 1119 enim
803 1063 905 1119 modus
918 1062 1053 1136 loquendi
1067 1061 1129 1137 ejus
1142 1067 1256 1120 tantum

194 1150 246 1216 est,
279 1145 328 1220 qui
357 1164 404 1203 res
434 1143 649 1218 antiquissimas
680 1148 791 1212 narrat,
820 1142 926 1219 quique
946 1161 1042 1200 rerum
1063 1142 1199 1218 reliquias
1220 1143 1258 1200 ad

194 1226 278 1284 fidem
309 1225 469 1283 faciendam
498 1223 623 1295 indicat;
655 1227 685 1280 et
716 1222 777 1280 sine
808 1222 894 1280 dubio
925 1221 972 1279 hie
1005 1223 1098 1280 laetus
1128 1229 1258 1297 tempore

162 1366 166 1383 p
194 1306 317 1381 primum
337 1304 466 1375 Davidis,
489 1304 536 1378 qui
557 1305 633 1361 hanc
654 1305 754 1360 urbem
775 1301 899 1376 subegit,
920 1307 953 1360 ut
967 1302 996 1359 in
1007 1302 1080 1360 libro
1093 1305 1120 1360 2.
1132 1302 1256 1362 Samuel.

194 1406 256 1462 cap.
279 1386 326 1444 12.
347 1405 390 1443 ve.
414 1386 461 1443 30.
483 1389 629 1454 narratur,
648 1382 785 1441 inventus
806 1388 858 1440 est.
880 1383 922 1439 At
942 1403 1000 1440 non
1014 1382 1194 1454 hietantum,
1206 1384 1257 1441 sed

193 1467 278 1541 paulo
310 1465 397 1523 etiam
427 1464 504 1522 infra
531 1463 606 1521 idem
639 1462 686 1521 hie
715 1462 879 1520 Historieus
908 1462 1005 1520 verbis
1036 1462 1126 1520 Masis
1155 1463 1260 1521 inserit

194 1547 264 1604 Jair
283 1548 361 1619 filias
382 1546 532 1603 Manassis
553 1546 733 1620 capillatam
748 1545 980 1618 jurisdictionem
1000 1544 1207 1619 Arpobiasqae
1217 1546 1258 1601 ad

194 1628 347 1684 terminum
381 1626 521 1683 Gesarltoe
552 1631 576 1681 et
607 1624 819 1691 Malachatitaa
851 1626 1013 1695 voravitque
1042 1625 1094 1680 illa
1125 1625 1185 1682 lara
1204 1642 1258 1682 sao

195 1708 307 1764 nomiae
337 1725 401 1763 cam
432 1706 546 1763 Bessan
574 1722 665 1780 papas
696 1704 778 1761 Jar'rt
808 1723 896 1778 usqae
926 1706 957 1760 ia
977 1704 1052 1761 haar
1070 1705 1153 1761 diem.
1175 1704 1255 1772 Haec,

193 1788 320 1862 inquam,
342 1784 422 1843 addit
442 1784 605 1842 Historiaus
626 1784 663 1841 ad
684 1783 855 1858 explicanda
876 1784 965 1840 verba
986 1783 1076 1840 Masis
1097 1802 1160 1857 quae
1168 1783 1256 1841 moda

194 1867 341 1937 retulerat,
373 1884 475 1939 nempe
500 1872 524 1922 et
544 1867 688 1940 reliquam
712 1865 827 1928 Gaaad,
849 1870 983 1920 ettotam
1004 1865 1257 1937 Bassaareqaam

198 1948 248 2022 Op,
280 1947 346 2004 dedi
366 1946 494 2003 dimidia
518 1945 607 2002 trilna'
632 1945 791 2017 Marassa,
815 1951 874 2000 tota
893 1945 1057 2015 jurisdictio
1078 1945 1187 2016 Arpobt
1206 1945 1258 2001 sab

194 2033 249 2084 lota
281 2027 403 2095 Bessan,
435 2044 498 2101 qaoe
528 2031 648 2082 voratur
678 2032 758 2082 terra
792 2024 958 2098 Glpantam.
988 2023 1138 2081 Noverant
1158 2024 1257 2098 procul

194 2105 280 2164 dubio
311 2104 425 2164 Hebraei
457 2109 586 2179 tempore
620 2104 707 2177 hujus
738 2103 902 2179 ScriptoriS,
934 2103 1050 2177 quinam
1071 2108 1169 2161 essent
1189 2104 1257 2179 pagi

195 2184 269 2245 Jairi
288 2185 403 2243 tribulis
423 2185 555 2253 Jehuflae,
578 2188 609 2241 at
629 2203 687 2241 nan
707 2183 821 2241 nomine
839 2183 1048 2258 jurisdictionis
1067 2183 1188 2258 Argobi,
1203 2203 1256 2242 nee

195 2272 280 2323 terrae
301 2264 472 2339 Gigantum3
496 2264 615 2338 ideoque
636 2268 754 2321 coactus
774 2268 819 2321 est
839 2264 993 2337 explicare,
1015 2283 1146 2338 quaenam
1160 2269 1256 2322 essent

195 2347 257 2403 haee
286 2345 358 2415 laea,
390 2363 455 2418 quae
486 2343 645 2418 antiquitus
676 2343 718 2402 sie
750 2345 938 2411 vocabantur,
960 2348 990 2401 et
1009 2344 1093 2401 simul
1113 2344 1255 2402 rationem

195 2426 272 2491 dare,
305 2444 356 2481 eur
386 2443 437 2481 suo
470 2428 598 2498 tempore
630 2424 744 2481 nomine
774 2423 857 2493 Jairi,
880 2423 928 2498 qui
949 2423 1063 2482 tribulis
1083 2425 1175 2495 Judae,
1197 2444 1256 2482 nan

196 2524 265 2562 vera
293 2503 436 2561 Manassis
457 2508 521 2561 erat
542 2503 611 2577 (vid.
633 2503 761 2578 Paralip.
783 2504 809 2562 1.
832 2523 894 2578 cap.
917 2505 944 2561 2.
966 2523 1042 2563 vers.
1064 2505 1111 2561 21.
1135 2510 1164 2562 et
1185 2506 1255 2577 22),

195 2583 411 2659 insignirentur.
439 2574 498 2721 Elis
529 2585 613 2642 Aban
637 2584 740 2643 Hezrae
762 2583 934 2641 sententiam
955 2583 1152 2658 explicuimus
1174 2589 1207 2642 ut
1228 2589 1258 2642 et

197 2665 258 2722 laea
279 2665 438 2722 Pentateue
460 2664 478 2734 i,
500 2683 564 2738 quae
585 2665 622 2721 ad
643 2664 763 2722 eandem
785 2664 1010 2722 eorrfirmandam
1031 2665 1134 2722 adfert.
1151 2665 1260 2722 Verum

196 2743 342 2802 enimvero
372 2764 425 2802 nee
455 2744 559 2814 omnia,
590 2750 660 2802 nee‘
677 2743 825 2819 praecipua
855 2743 986 2814 notavit3
1017 2746 1102 2819 plura
1132 2744 1259 2802 enimin
1301 2750 1304 2753 ’

196 2824 275 2882 hisee
294 2823 383 2895 libris,
406 2830 435 2883 et
456 2825 572 2901 majoris
592 2824 739 2893 momenti,
761 2823 889 2881 notanda
909 2829 1072 2898 supersunt.
1094 2824 1203 2900 Nempe
1225 2825 1259 2895 L,

197 2906 272 2980 qued
302 2906 404 2963 horum
435 2905 573 2964 librorum
599 2904 729 2980 Scriptor
749 2905 784 2962 de
805 2905 966 2961 Mesenen
987 2909 1100 2962 tantum
1120 2905 1151 2962 in
1171 2904 1260 2963 tertia

197 3005 320 3060 persona
356 2986 499 3060 loquatur,
532 2986 581 3044 sed
613 2985 688 3060 quod
719 2985 837 3059 insuper
868 2984 903 3041 ‹le
933 3004 966 3042 eo
997 2985 1088 3042 multa
1118 2989 1260 3044 testetur:

198 3065 331 3123 videlieet
360 3067 439 3124 Deua
469 3086 534 3124 eam
565 3066 642 3124 Mose
673 3067 783 3124 locatas
812 3072 852 3122 est
858 3088 870 3139 ;
900 3065 978 3123 Deus
1008 3066 1175 3140 loquebatur
1195 3085 1259 3123 carra

199 3146 276 3203 Mose
296 3147 330 3203 de
343 3146 419 3221 facie
430 3147 469 3204 ad
479 3148 603 3222 faciam
614 3147 705 3204 Moses
715 3147 843 3203 amatam
853 3146 1000 3203 heminam
1011 3153 1073 3203 erat
1083 3147 1260 3203 lfrrmr'llimus

198 3224 293 3297 (Num.
321 3244 383 3299 sap.
408 3227 454 3283 12.
476 3246 519 3284 vs,
542 3228 584 3300 3);
607 3226 700 3284 Mases
720 3229 768 3282 ira
788 3233 888 3300 eaptus
908 3233 947 3282 est
966 3229 998 3283 ia
1019 3227 1102 3284 aiace
1122 3228 1260 3284 exercitas

200 3304 294 3372 (Num.
326 3324 387 3380 eap.
421 3306 468 3363 31.
502 3324 544 3365 vs,
577 3308 652 3378 14.);
686 3306 778 3364 Moses
808 3308 853 3362 vir
874 3307 989 3363 divinas
1009 3307 1106 3377 (Dent.
1130 3326 1192 3382 cap.
1215 3307 1265 3365 33.
1302 3362 1306 3365 .

199 3404 242 3443 vs.
266 3385 319 3457 1.);
342 3386 433 3443 Mases
453 3406 550 3445 servus
571 3388 625 3445 Det
640 3391 771 3444 mortuas
781 3393 836 3460 est;
847 3386 1006 3460 ll'aaqaam
1016 3388 1107 3444 extitit
1117 3387 1261 3461 Propheta

198 3468 230 3523 ia
252 3466 343 3523 Israel
363 3468 435 3523 sieut
457 3465 563 3540 Momm
586 3475 634 3525 ete.
659 3467 700 3523 At
719 3469 821 3523 eontra
840 3464 871 3522 in
892 3465 1123 3537 Deuteronomio,
1145 3467 1194 3525 ubi
1204 3467 1262 3537 lex,

234 3680 242 3707 ¹
268 3679 319 3724 NB.
345 3679 425 3726 Hebr.
449 3681 544 3738 D'Nffi
569 3680 681 3737 rephaim
707 3679 852 3736 significare
869 3678 1010 3733 damnatos,
1027 3682 1053 3725 et
1069 3680 1170 3726 videtur
1187 3682 1266 3727 etiam

200 3759 257 3792 esse
282 3761 373 3794 nomen
392 3749 523 3808 proprium
540 3763 570 3794 ex
587 3749 696 3806 Paralip.
717 3748 736 3793 l.
755 3761 809 3806 cap.
826 3748 863 3794 20.
880 3748 914 3793 Et
929 3749 987 3793 ideo
1004 3753 1066 3808 puto
1082 3750 1125 3795 hie
1141 3751 1265 3797 familiam

201 3809 311 3867 aliquam
328 3811 482 3867 significare.
