2784 4392
139 344 142 349 ’
184 347 223 405 40
634 346 805 405 nesciinus

180 536 237 606 tur,
259 537 370 590 notare.
392 532 489 607 Atque
509 551 559 591 eas
579 532 741 591 sententias
760 531 808 591 hic
829 534 966 590 obscuras
987 535 1039 589 aut
1059 531 1154 590 claras
1168 551 1253 603 voco,

183 632 305 690 quarum
326 631 428 670 sensus
445 631 483 670 ex
496 617 634 671 contextu
647 611 788 671 orationis
800 612 886 671 facile
899 613 947 670 vel
960 611 1115 669 difficulter
1129 611 1253 670 Ratione

180 692 354 770 percipitur3
377 693 494 750 desolo
515 692 591 750 enim
612 712 699 751 sensu
720 691 892 762 orationum,
914 711 972 751 non
993 696 1090 750 autern
1103 693 1139 749 de
1153 711 1252 750 earum

180 772 306 832 veritate
336 774 510 831 laboramus.
532 772 609 843 Quin
628 772 686 832 imo
707 773 837 849 apprime
858 772 1019 831 cavendum
1040 776 1094 842 est,
1116 772 1253 848 quamdiu

180 872 295 913 sensum
331 852 488 928 Scripnnae
519 852 684 928 quaerimus,
716 872 754 911 ne
784 851 936 911 ratiocinio
967 855 1076 922 nostro,
1109 856 1252 927 quatenus

181 933 330 1010 principiis
360 931 502 992 naturalis
533 932 707 1009 cognitionis
736 933 889 991 fundatum
920 936 964 991 est
995 933 1041 1005 (ut
1059 932 1119 1007 jam
1140 936 1252 990 taceam

181 1013 360 1090 praejudicia)
391 1032 644 1089 praeoccupemur;
669 1013 729 1084 sed,
751 1032 788 1071 ne
809 1032 910 1071 verum
931 1031 1048 1071 sensum
1069 1031 1134 1071 cum
1156 1031 1252 1070 rerum

180 1094 305 1153 veritate
325 1094 544 1164 confundamus,
565 1093 613 1152 ille
634 1113 672 1152 ox
685 1094 746 1152 solo
760 1092 868 1168 linguae
883 1112 938 1151 usu
952 1092 1008 1151 erit
1020 1092 1251 1168 investigandus,

181 1174 228 1232 vel
258 1193 296 1233 ex
326 1173 487 1246 ratiocinio,
520 1174 596 1250 quod
627 1174 739 1233 nullum
770 1172 848 1232 aliud
879 1173 1098 1231 fundamentum
1119 1171 1252 1248 agnoscit

181 1273 266 1329 quam
288 1253 477 1329 Scriptorum.
500 1254 572 1324 Quae
593 1253 698 1324 omnia,
720 1258 754 1312 ut
774 1253 879 1312 clarius
892 1252 1102 1328 intelligantur,
1117 1253 1249 1328 exemplo

179 1333 339 1393 illustrabo,
371 1334 426 1391 Hae
458 1333 549 1393 Mosis
579 1333 743 1405 sententiae,
777 1334 852 1410 quod
873 1335 953 1392 Deua
972 1336 1009 1391 ait
1029 1336 1105 1409 ἐμπίς
1124 1337 1154 1391 et
1175 1333 1250 1409 quod

181 1415 260 1473 Deus
290 1416 328 1472 ait
358 1415 510 1489 zelotypus,
543 1432 629 1489 quam
660 1412 826 1472 clarissima
847 1418 925 1484 sunt,
947 1414 1084 1490 quamdiu
1103 1414 1140 1471 ad
1162 1413 1251 1471 solam

181 1495 336 1552 verborum
367 1492 608 1568 significationem
639 1494 833 1565 attendimus,
853 1493 976 1570 ideoque
997 1513 1047 1552 aas
1067 1492 1154 1551 etiarn
1175 1492 1252 1551 inter

182 1574 277 1632 claras
297 1591 415 1649 repono,
436 1572 554 1631 tametsi
573 1578 709 1649 respectu
729 1572 863 1632 veritatis
883 1578 913 1632 et
933 1573 1066 1632 Rationis
1087 1572 1251 1631 obscurissi-

180 1673 236 1712 mae
257 1656 342 1724 sunt;
363 1653 432 1723 imo,
454 1653 586 1729 quamvis
606 1673 707 1713 earum
726 1654 849 1713 literalis
869 1673 971 1713 sensus
991 1652 1106 1712 Lumini
1119 1652 1252 1711 Naturali

181 1737 333 1809 repugnet,
369 1732 425 1792 nisi
459 1733 546 1792 etiam
579 1733 729 1810 principiis
763 1738 793 1792 et
826 1732 1022 1792 fundamentis
1055 1753 1090 1791 ex
1121 1733 1253 1792 Historia

181 1813 338 1889 Scripturae
370 1813 469 1890 petitis
501 1814 578 1872 clare
609 1818 782 1891 opponatur,
814 1813 839 1872 is
867 1833 977 1885 sensus,
998 1833 1101 1889 nempe
1120 1813 1250 1883 literalis,

181 1893 237 1952 erit
266 1897 365 1951 tamen
395 1893 578 1967 retinendus;
610 1899 640 1953 et
668 1899 780 1965 contra,
801 1894 827 1953 si
847 1895 894 1953 hae
915 1893 1067 1953 sententiae
1089 1913 1126 1952 ex
1146 1893 1252 1952 literali

106 1990 108 1994 “
181 1993 281 2032 aarum
300 1972 541 2049 interpretatione
561 1973 711 2051 principiis
725 1994 763 2033 ex
777 1974 927 2050 Scriptura
940 1972 1040 2050 petitis
1054 1973 1252 2049 reperirentur

179 2072 355 2129 repugnare,
385 2073 548 2130 quanquam
569 2074 633 2113 cum
655 2054 780 2113 Ratione
800 2054 925 2113 maxime
946 2053 1144 2125 convenirent,
1167 2053 1251 2112 aliter

181 2137 279 2193 tamen
310 2134 518 2210 (metaphorice
548 2134 669 2210 scilicet)
701 2138 799 2193 essent
828 2134 1066 2210 interpretandae.
1092 2134 1133 2193 Ut
1152 2133 1251 2209 itaque

181 2214 313 2284 sciamus,
334 2234 373 2273 an
393 2216 490 2273 Moses
510 2214 672 2286 crediderit,
694 2216 788 2274 Deum
808 2234 872 2273 esse
890 2214 997 2289 ignem,
1011 2234 1051 2272 an
1065 2233 1156 2284 secus,
1171 2215 1251 2272 nullo

181 2294 265 2352 modo
284 2293 314 2352 id
336 2294 562 2353 concludendum
583 2300 629 2353 est
649 2315 687 2354 ex
708 2315 750 2368 eo,
767 2295 844 2371 quod
858 2296 923 2353 haec
936 2293 1032 2370 opinio
1047 2314 1112 2352 cum
1126 2294 1251 2353 Ratione

181 2373 343 2444 conveniat,
374 2378 426 2432 aut
457 2375 533 2450 quod
564 2375 592 2433 ei
622 2380 775 2451 repugnet,
808 2375 859 2433 sed
882 2379 997 2433 tantum
1017 2394 1055 2433 ex
1075 2373 1140 2432 aliis
1160 2373 1251 2450 ipsius

180 2453 270 2512 Mosis
300 2452 461 2513 sententiis.
494 2454 644 2529 Videlicet,
677 2455 812 2529 quoniam
845 2454 941 2512 Moses
971 2453 1102 2531 plurimis
1129 2454 1160 2513 in
1180 2454 1251 2513 locis

181 2532 258 2594 clare
292 2532 379 2592 otiam
414 2534 506 2607 docet,
538 2535 630 2594 Deum
662 2536 771 2593 nullam
802 2536 909 2608 habere
939 2534 1153 2593 similitudinem
1186 2554 1249 2593 oum

178 2615 267 2672 rebus
287 2613 456 2682 visibilibus,
478 2634 543 2690 quae
562 2614 593 2674 in
614 2614 703 2687 coelis,
724 2615 755 2673 in
775 2619 864 2683 terra,
886 2614 984 2673 autin
998 2635 1075 2691 aqua
1088 2619 1167 2689 sunt,
1182 2614 1251 2674 hino

181 2693 417 2764 concludendum,
448 2695 525 2753 hanc
556 2695 739 2766 sententiam,
768 2700 820 2754 aut
839 2695 904 2754 illas
925 2714 1032 2766 omnes,
1054 2695 1250 2771 metaphorice

180 2792 243 2832 esse
274 2773 468 2850 explicandas.
497 2775 547 2849 At,
573 2775 641 2851 quia
661 2794 680 2834 a
700 2774 806 2834 literali
826 2794 921 2849 sensu,
944 2795 1030 2851 quam
1050 2775 1167 2834 minime
1187 2775 1250 2834 fieri

180 2858 285 2930 potest,
308 2858 352 2913 est
372 2855 572 2926 recedendum,
593 2855 657 2915 ideo
677 2855 759 2932 prius
778 2856 976 2931 quarendum,
998 2875 1067 2914 num
1086 2856 1151 2913 haec
1164 2855 1251 2913 unica

180 2934 334 3006 sententia,
375 2937 454 2994 Deua
494 2943 534 2995 eet
573 2938 658 3013 ignia,
698 2935 784 2994 aliurn
822 2939 931 3012 praeter
961 2935 1101 2994 literalem
1133 2955 1249 2994 sensum

180 3014 324 3085 admittat,
346 3015 401 3073 hoc
422 3020 467 3073 est
487 3034 525 3073 an
545 3035 650 3074 nomen
670 3018 747 3092 qaia
767 3015 846 3074 aliud
865 3035 952 3091 quam
976 3017 1138 3074 naturalem
1152 3016 1249 3092 ignem

181 3093 333 3169 significet.
366 3095 447 3164 Quod
469 3094 493 3152 si
513 3115 572 3153 non
592 3095 756 3172 reperiatur
776 3114 814 3153 ex
834 3114 889 3153 usu
910 3095 1020 3171 linguae
1041 3096 1119 3154 aliud
1140 3095 1249 3171 signifi-

181 3193 256 3244 care,
282 3176 361 3233 nullo
382 3175 469 3233 etiam
490 3175 547 3233 alio
568 3176 651 3234 modo
671 3174 892 3249 interpretanda
911 3181 989 3235 esset
1007 3177 1073 3235 heac
1093 3176 1247 3248 sententia,

181 3254 367 3330 quantumvis
401 3254 519 3314 Rationi
552 3274 736 3330 repugnans;
770 3255 820 3313 sed
856 3259 958 3314 contra
989 3256 1107 3332 reliquae
1139 3275 1248 3328 omnes,

180 3334 313 3410 quamvis
342 3334 460 3393 Rationi
490 3340 703 3406 consentaneae,
733 3334 801 3393 huic
830 3339 929 3394 tamen
960 3342 1057 3395 essent
1088 3355 1248 3394 accommo-

180 3414 294 3475 dandae.
316 3415 398 3485 Quod
419 3413 444 3473 si
463 3434 518 3473 nec
538 3415 593 3474 hoc
612 3414 700 3474 etiam
721 3434 759 3473 ex
779 3435 834 3474 usu
853 3415 962 3490 linguae
982 3422 1081 3493 posset
1098 3416 1169 3485 fieri,
1186 3427 1249 3476 tum

180 3494 227 3552 hae
248 3494 401 3553 sententiae
421 3494 673 3554 irreconciliabiles
694 3500 800 3567 essent,
822 3515 857 3554 ac
876 3496 995 3571 proinde
1013 3497 1049 3554 de
1062 3496 1099 3555 iis
1110 3495 1248 3572 judicium

181 3573 236 3632 erit
267 3574 507 3650 suspendendum.
530 3574 585 3633 Sed
607 3574 673 3651 quia
695 3596 800 3634 nomen
820 3579 896 3653 ignia
915 3596 968 3652 pro
988 3575 1033 3635 ira
1054 3581 1084 3634 et
1104 3576 1249 3652 zelotypia

179 3653 265 3712 etiarn
286 3653 410 3713 sumitur
431 3653 511 3727 (vide
531 3655 599 3713 Jobi
620 3675 682 3731 cap.
705 3658 754 3715 31.
775 3675 851 3715 vers.
875 3656 1249 3731 12.),‚hin0facileM0sis

179 3733 332 3793 sententia
362 3733 594 3805 reconciliantur,
616 3741 704 3811 atque
724 3736 853 3811 legitime
873 3737 1078 3810 concludimus,
1100 3738 1172 3795 duas
1193 3738 1247 3796 has

179 3813 347 3887 sententias,
369 3816 448 3873 Deua
461 3822 500 3874 est
513 3818 595 3892 tynio,
611 3821 641 3876 et
653 3819 733 3876 Deus
747 3825 785 3875 est
798 3818 950 3893 zelotypus,
965 3836 1052 3875 unam
1067 3817 1244 3892 eandemque
