2784 4392
155 289 158 294 ’
201 295 242 355 48
298 352 301 357 ,
643 313 813 353 ’1116111116

205 488 237 542 61
257 503 325 553 non,
346 501 411 542 cum
433 481 468 539 de
489 483 576 539 rebus
596 481 784 556 speculativis
800 481 966 556 loquuntur,
980 480 1042 539 sive
1057 500 1121 539 curn
1135 480 1280 541 miracula

205 568 256 622 aut
277 562 414 621 historias
434 566 565 620 narrant.
588 562 708 619 Possum
730 562 784 619 hoc
801 566 953 637 praeterea,
968 580 1071 637 nempe
1084 562 1160 636 quod
1173 562 1278 621 multae

206 643 353 704 orationes
386 640 601 717 inexplicabiles
631 641 662 700 in
694 642 722 699 S.
755 641 877 718 Scriptis
908 646 1072 712 occurrunt,
1104 640 1276 716 quibusdam

202 723 341 799 exemplis
373 723 540 792 ostendere3
572 722 622 780 sed
652 721 914 797 impraesentiarum
944 721 980 780 iis
1009 721 1157 780 lubentius
1177 741 1278 798 super·

206 804 301 872 sedeo,
323 807 353 862 61
373 803 410 861 ad
431 802 549 876 reliqua,
571 821 636 877 quae
658 807 822 877 supersunt,
844 803 982 871 notanda,
1004 801 1072 877 quid
1087 801 1196 860 scilicet
1210 802 1279 862 hec

204 904 276 944 vera
289 883 443 942 methodus
454 881 632 958 Scripturam
643 881 854 958 interpretandi
865 881 1043 945 difficultatis
1053 882 1148 940 adhuc
1158 882 1278 953 habeat,

205 964 251 1023 vel
273 964 340 1039 quid
360 963 392 1021 in
411 962 476 1039 ipsa
496 961 683 1032 desideretur,
705 982 835 1038 pergam.

244 1044 347 1103 Oritur
374 1043 405 1102 in
425 1044 481 1101 hac
501 1043 636 1101 methodo
657 1041 716 1101 alia
735 1049 879 1119 praeterea
900 1042 1055 1100 difficultas
1075 1061 1113 1100 ex
1133 1061 1176 1112 eo,
1198 1043 1276 1117 quod

202 1124 266 1200 ipsa
286 1123 436 1183 historiam
457 1143 575 1182 casuum
596 1124 724 1182 omnium
744 1123 882 1182 librorum
904 1122 1061 1197 Scripturas
1077 1121 1178 1197 exigit,
1193 1124 1280 1198 cujus
1330 1153 1334 1157 ·

202 1204 359 1263 maximam
379 1208 493 1280 partem
513 1203 695 1279 ignoramus3
716 1204 871 1262 multorum
886 1203 962 1261 enim
976 1202 1112 1261 librorum
1127 1203 1278 1274 authores,

203 1285 251 1343 vel
272 1285 310 1349 (si
329 1283 435 1358 mavis)
457 1283 622 1359 scriptores
644 1285 692 1342 vel
713 1303 832 1359 prorsus
852 1284 1029 1360 ignoramus,
1051 1283 1098 1341 vel
1118 1284 1153 1341 de
1174 1282 1277 1341 iisdem

205 1364 377 1438 dubitamus,
410 1369 444 1422 ut
474 1363 505 1421 in
535 1363 724 1439 sequentibus
755 1365 818 1423 fuse
849 1365 1008 1423 ostendam.
1040 1363 1150 1422 Deinde
1181 1383 1280 1439 neque
1344 1400 1349 1409 ,

205 1444 292 1503 etiam
314 1444 428 1515 scimus,
450 1462 508 1518 qua
528 1443 677 1502 occasione
695 1463 789 1520 neque
804 1465 862 1520 quo
876 1450 1005 1520 tempore
1018 1444 1050 1502 hi
1062 1443 1138 1514 libri,
1152 1463 1278 1518 quorum

206 1524 367 1599 Scriptores
399 1523 577 1598 ignoramus,
608 1523 710 1599 scripti
739 1524 866 1583 fuerunt.
898 1523 1048 1583 Nescimus
1072 1528 1223 1600 praeterea,
1244 1523 1279 1582 in

206 1624 329 1680 quorum
352 1623 456 1662 manus
476 1603 543 1661 libri
555 1622 663 1663 ‚omnes
681 1604 845 1676 inciderint,
867 1624 962 1681 neque
982 1604 1013 1661 in
1034 1623 1155 1679 quorum
1176 1622 1276 1662 exem·

206 1683 336 1760 pleribus
365 1686 411 1743 tot
439 1682 529 1742 variae
549 1683 688 1743 lectiones
709 1689 832 1760 repertae
853 1685 920 1755 sint,
941 1704 996 1743 nec
1016 1684 1139 1759 denique
1159 1704 1197 1742 an
1217 1703 1279 1743 non
1381 1748 1382 1751 Ἴ

207 1765 306 1840 plures
327 1763 392 1822 aliae
413 1763 522 1822 fuerint
543 1765 620 1839 apud
641 1764 713 1823 alios
733 1765 880 1823 lectiones.
903 1764 977 1836 Quid
992 1769 1088 1823 autem
1103 1763 1282 1823 haecomnia

209 1844 283 1903 scire
314 1844 430 1915 referat,
462 1863 514 1902 6116
544 1843 575 1902 in
605 1844 667 1902 loco
699 1845 826 1903 breviter
855 1845 996 1915 indicavi;
1025 1846 1158 1920 quaedam
1178 1848 1279 1902 tamen

208 1925 248 1983 ibi
269 1925 399 1983 consulto
421 1923 512 1994 omisi,
534 1943 599 1999 quae
619 1925 680 2000 jam
701 1925 749 1983 hic
769 1925 891 1984 veniunt
911 1925 1128 1984 consideranda.
1147 1924 1177 1982 Si
1191 1943 1279 2000 quem

208 2004 313 2083 librum
347 2024 394 2063 res
427 2003 610 2063 incredibiles
640 2010 692 2063 aut
722 2005 963 2082 imperceptibiles
994 2005 1198 2072 continentem,
1230 2005 1279 2062 vel

206 2084 338 2143 terminis
358 2085 512 2143 admodum
535 2084 663 2143 obscuris
680 2084 829 2161 scriptum,
844 2085 975 2161 legimus,
990 2104 1084 2161 neque
1099 2086 1162 2160 ejus
1176 2085 1279 2143 autho·

207 2185 268 2224 rem
289 2164 431 2236 novimus,
453 2184 547 2241 neque
568 2164 654 2223 etiam
677 2185 733 2240 quo
754 2170 884 2242 tempore
905 2170 935 2225 61
955 2185 1012 2241 qua
1026 2165 1175 2224 occasione
1189 2164 1280 2241 scrip·

206 2245 293 2318 serit3
315 2246 424 2304 frustra
444 2247 479 2304 de
500 2246 563 2320 ejus
582 2264 653 2303 vero
674 2264 761 2304 sensu
782 2246 919 2305 certiores
940 2245 1003 2304 fieri
1023 2246 1199 2304 conabimur.
1221 2245 1281 2304 His

206 2325 283 2383 enim
315 2325 448 2384 omnibus
478 2324 629 2400 ignoratis,
660 2325 777 2384 minime
808 2326 882 2385 scire
902 2345 1062 2402 possumus,
1081 2326 1150 2402 quid
1171 2326 1281 2384 author

206 2404 372 2474 intenderit,
395 2409 447 2463 aut
466 2404 616 2462 intendere
636 2405 781 2481 potuerit;
795 2426 860 2465 cum
873 2411 975 2465 contra
988 2406 1035 2464 his
1048 2408 1138 2481 probe
1151 2405 1281 2480 cognitis

206 2489 323 2544 nostras
359 2484 551 2559 cogitationes
584 2484 626 2543 ita
661 2486 894 2558 determinamus,
929 2491 963 2544 111
996 2487 1074 2546 nullo
1108 2484 1280 2562 praejudicio

206 2584 451 2641 praeoccupemur,
484 2584 520 2623 ne
552 2564 660 2623 scilicet
691 2565 816 2637 authori,
849 2567 896 2625 vel
927 2567 961 2639 ei,
993 2566 1023 2624 in
1048 2566 1130 2642 cujus
1151 2564 1280 2641 gratiam

207 2645 313 2703 author
343 2644 467 2721 scripsit,
499 2645 564 2721 plus
594 2645 727 2704 minusve
755 2646 835 2722 justo
856 2646 1025 2717 tribuamus,
1047 2651 1077 2705 et
1097 2666 1134 2704 ne
1155 2647 1190 2704 de
1211 2645 1282 2704 ullis

207 2724 274 2792 aliis,
291 2727 378 2783 rebus
399 2725 568 2800 cogitemus,
590 2744 676 2800 quarn
698 2727 733 2784 de
749 2726 794 2795 iis,
810 2746 882 2802 quas
896 2727 1001 2785 author
1014 2726 1045 2784 in
1058 2731 1155 2784 mente
1169 2727 1282 2784 habere

206 2804 342 2879 potuerit,
374 2806 422 2864 vel
452 2826 525 2881 quas
555 2809 669 2882 tempus
700 2810 729 2864 et
761 2807 873 2865 occasio
896 2807 1036 2882 exegerit.
1059 2806 1141 2876 Quod
1162 2805 1280 2881 quidem

204 2884 337 2943 omnibus
369 2889 502 2944 constare
534 2885 677 2944 existimo.
700 2886 865 2961 Saepissime
885 2887 961 2945 enim
983 2886 1135 2961 contingit,
1157 2891 1191 2944 ut
1211 2905 1281 2944 con·

204 2964 311 3024 similes
343 2965 480 3025 historias
510 2965 541 3024 in
571 2965 694 3025 diversis
724 2966 806 3025 libris
835 2967 975 3042 legamus,
1008 2967 1043 3025 de
1064 2966 1168 3041 quibus
1188 2967 1281 3041 longe

205 3044 350 3105 diversum
379 3046 517 3121 judicirun
548 3046 679 3117 facimus,
704 3066 757 3122 pro
779 3046 947 3105 diversitate
968 3046 1077 3105 scilicet
1098 3045 1279 3122 opinionum,

205 3144 277 3199 quas
307 3126 343 3184 de
374 3125 563 3202 scriptoribus
586 3127 734 3185 habemus.
757 3126 831 3197 Scio,
852 3146 898 3185 me
919 3127 986 3185 olinr
1007 3126 1038 3185 in
1057 3126 1130 3184 libro
1152 3126 1277 3201 quodam

203 3204 317 3279 legisse,
349 3205 453 3277 virum,
486 3205 532 3264 cui
563 3225 667 3264 nomen
698 3210 762 3264 erat
794 3206 940 3265 Orlandus
960 3206 1094 3278 furiosus,
1115 3211 1280 3265 monstrum

204 3285 347 3359 quoddam
377 3286 483 3344 alatum
505 3284 537 3343 in
557 3295 624 3344 aere
644 3285 759 3360 agitare
780 3286 881 3356 solere,
903 3292 933 3346 61
954 3306 1138 3362 quascunque
1161 3287 1282 3344 volebat

204 3364 338 3440 regiones
359 3365 555 3441 supervolare,
576 3364 724 3440 ingentem
745 3385 897 3424 numerum
917 3367 1065 3426 hominurn
1080 3371 1109 3424 et
1124 3366 1277 3442 gigantum

204 3445 296 3503 solum
327 3445 482 3515 trucidare,
515 3449 544 3503 61
574 3445 631 3503 alia
656 3445 820 3520 hujusmodi
840 3447 1055 3522 phantasmata,
1078 3467 1142 3522 quse
1163 3445 1283 3505 ratione

203 3524 373 3584 Intellectus
404 3524 490 3601 plane
520 3525 759 3601 imperceptibilis
783 3530 860 3585 sunt.
883 3526 960 3586 Huic
981 3532 1076 3586 autern
1099 3526 1276 3586 consimilem

204 3604 355 3663 historiam
386 3604 417 3663 in
449 3604 552 3663 Ovidio
583 3605 617 3663 de
652 3605 758 3664 Perseo
785 3607 923 3681 legeram,
946 3612 976 3665 et
996 3606 1082 3665 aliam
1103 3607 1225 3681 denique
1244 3605 1277 3664 in

203 3683 287 3742 libris
317 3684 453 3743 Judicum
484 3690 514 3743 et
543 3685 657 3761 Regum
688 3686 724 3744 de
755 3686 894 3745 Samsone
926 3686 987 3762 (qui
1011 3688 1089 3747 solus
1111 3692 1140 3745 et
1160 3686 1283 3744 inermis

203 3763 293 3822 millia
324 3763 472 3823 hominum
503 3765 671 3840 trucidavit)
693 3771 723 3824 et
744 3767 779 3825 de
799 3767 871 3839 Elia,
895 3767 944 3841 qui
964 3786 1017 3843 per
1036 3776 1104 3826 aera
1125 3767 1280 3839 volitabat,
