2784 4392
183 288 222 344 22
544 352 548 357 ,
618 306 786 346 rancrarus

180 477 238 532 tom
269 473 405 549 prodesse
436 492 495 531 non
524 473 627 548 potuit,
662 472 730 548 quia
750 492 793 540 ea,
815 492 878 548 quae
899 473 990 539 docet,
1012 491 1071 529 non
1091 472 1245 546 amplexus

180 557 226 612 est
246 558 279 611 ut
299 553 470 611 documenta
490 552 588 611 divina
608 552 775 628 prophetice
794 554 931 621 revelata,
953 552 1003 610 sed
1024 571 1062 609 ex
1079 550 1139 609 solo
1154 550 1244 609 dicta-

179 633 257 692 mine
276 633 417 692 Rationis.
439 633 548 691 Verum
568 634 630 692 haec
650 633 747 691 omnia
766 652 846 691 111010
866 652 929 691 esse
949 632 1098 707 figmenta,
1113 637 1143 689 et
1157 631 1247 689 nullis

180 712 341 771 rationibus
371 731 463 788 neque
493 713 649 788 Scripturas
682 712 839 772 autoritate
859 712 986 782 suffulta,
1007 711 1162 787 unicuique
1182 713 1247 770 haec

180 798 293 851 attente
322 793 431 867 legenti
457 793 529 851 satis
549 797 682 852 constare
702 792 851 863 existim03
874 812 962 867 quare
982 792 1019 850 ad
1040 792 1161 850 eandem
1181 810 1245 859 rem

180 873 373 943 refutandum,
405 873 497 948 ipsam
528 874 706 933 recensuisse
735 873 849 933 sufficit.
872 872 932 931 Nec
952 872 1039 931 etiam
1060 891 1158 930 eorum
1179 891 1242 929 sen·

181 952 302 1011 tentiam
323 952 370 1011 hic
389 954 517 1012 refutare
535 953 567 1011 in
586 953 681 1012 animo
695 958 749 1024 est,
764 952 812 1029 qui
827 952 961 1011 nimirum
974 956 1116 1021 statuunt,
1133 952 1245 1017 Lumen
1267 958 1271 963 ’
1387 952 1388 955 ’

181 1032 321 1091 Naturale
351 1033 422 1091 nihil
453 1033 515 1091 sani
546 1034 582 1091 de
612 1033 655 1104 iis,
687 1053 751 1109 quae
778 1034 815 1091 ad
836 1053 934 1091 veram
955 1033 1077 1090 salutem
1100 1033 1245 1107 spectant,

181 1114 284 1171 docere
313 1133 414 1188 posse;
440 1114 494 1172 hoc
514 1112 590 1172 enim
610 1113 674 1189 ipsi,
696 1113 745 1188 qui
765 1114 873 1172 nullam
894 1132 994 1171 sanam
1015 1112 1167 1170 Rationem
1188 1110 1244 1170 sibi

182 1195 351 1263 concedunt,
383 1195 462 1252 nulla
492 1195 579 1252 stiam
606 1193 718 1252 ratione
738 1196 861 1269 probare
880 1198 1018 1268 possunt3
1040 1197 1070 1250 et
1090 1192 1114 1249 si
1136 1191 1242 1267 aliquid

182 1293 270 1349 supra
289 1273 441 1332 Rationem
462 1293 493 1332 se
514 1276 620 1332 habere
641 1272 802 1342 venditant,
823 1273 851 1331 id
873 1274 982 1331 merum
1004 1277 1049 1330 est
1062 1271 1242 1347 figmentum,

183 1358 213 1411 et
244 1353 331 1428 longe
361 1353 437 1413 infra
470 1354 628 1416 Rationem.
660 1354 735 1427 quod
764 1353 824 1428 jam
855 1352 927 1411 satis
957 1372 1055 1411 eorum
1087 1350 1248 1410 communis

182 1432 300 1491 vivendi
328 1435 430 1493 modus
459 1434 607 1493 indicavit.
639 1433 695 1492 Sed
726 1434 761 1491 de
796 1433 840 1491 his
870 1453 928 1491 11011
959 1437 1004 1490 est
1024 1452 1096 1507 opus
1116 1431 1249 1507 apertius

182 1512 269 1588 loqui.
302 1513 365 1572 Hoc
385 1519 499 1572 tantum
522 1514 635 1585 addam,
654 1534 707 1573 uos
727 1513 870 1572 neminem
890 1512 946 1571 nisi
966 1512 1158 1588 exoperibus
1179 1531 1244 1585 cog·

183 1612 301 1651 noscere
331 1613 432 1669 posse;
463 1594 512 1670 qni
542 1595 639 1670 itaque
669 1593 715 1652 his
744 1594 885 1653 fructibus
914 1592 1113 1662 abundaverit,
1135 1591 1248 1649 scilieet

183 1673 334 1743 charitate,
367 1673 481 1748 gaudio,
511 1694 591 1750 pace,
623 1673 854 1749 longanimitate,
885 1672 1074 1748 benignitate,
1106 1671 1245 1740 bonitate,

183 1753 248 1824 fide,
269 1754 497 1828 mansuetudine,
519 1753 755 1831 etcontinentia,
776 1754 916 1813 adversus
937 1772 1008 1828 quos
1029 1755 1074 1825 (ut
1093 1752 1201 1810 Paulus
1214 1751 1247 1808 in

184 1833 314 1909 Epistola
344 1835 380 1892 ad
413 1833 532 1893 Galatas
553 1854 615 1910 cap.
638 1835 665 1892 5.
686 1853 762 1893 vers.
785 1835 833 1892 22.
854 1833 905 1904 ait)
925 1833 975 1892 lex
996 1853 1054 1891 non
1075 1837 1119 1890 cst
1139 1831 1242 1908 posita,

183 1913 217 1985 is,
249 1913 312 1972 sive
347 1933 384 1972 ex
403 1916 465 1972 sola
486 1914 608 1972 Ratione
628 1913 689 1973 sive
711 1933 748 1972 cx
768 1915 829 1972 sola
850 1913 999 1989 Scriptura
1019 1913 1138 1971 edoctus
1157 1912 1203 1980 sit,
1225 1931 1247 1968 a

185 1994 245 2052 Deo
275 2013 380 2052 revera
410 1994 527 2053 edoctus
554 1999 607 2065 est,
629 1998 658 2053 ct
679 1993 795 2052 omnino
817 1996 926 2053 beatus.
949 1993 1003 2052 His
1022 1994 1120 2068 itaque
1141 1991 1246 2060 omnia,

185 2090 251 2149 quae
283 2073 360 2132 circa
389 2075 481 2149 legem
514 2074 640 2132 divinam
661 2093 749 2149 agere
771 2073 984 2144 constitueram,
1006 2073 1127 2146 absolvi.

603 2261 770 2336 CAPUT
803 2261 855 2320 VI.

467 2489 472 2493 ·
565 2448 883 2506 DeMr'rucclia

230 2633 320 2691 Sicuti
350 2633 499 2692 scientiam
518 2635 605 2705 illam,
628 2654 690 2709 quae
711 2638 827 2709 captum
847 2634 1003 2692 humanum
1024 2638 1151 2708 superat,
1174 2632 1248 2691 divi-

116 2760 118 2765 .
191 2725 266 2783 nam,
297 2712 340 2771 sic
361 2732 441 2789 opus,
462 2715 544 2789 cnjus
563 2734 651 2773 causa
672 2714 759 2787 vulgo
779 2713 941 2787 ignoratur,
963 2712 1091 2772 divinum
1111 2712 1173 2771 sive
1194 2712 1249 2770 Dei

191 2790 262 2868 opus
293 2796 398 2851 vocare
419 2799 630 2853 consueverunt
649 2793 798 2851 homines:
821 2794 925 2868 vulgus
946 2794 1022 2852 enim
1042 2792 1177 2851 tum‘Dei
1197 2813 1248 2868 po,-

191 2873 311 2932 tentiam
342 2879 372 2931 et
405 2873 615 2948 providentiam
636 2893 722 2949 quam
743 2873 899 2932 clarissime
919 2878 1052 2932 constare
1072 2877 1164 2948 putat,
1186 2892 1254 2930 curn

191 2953 300 3029 aliquid
319 2953 350 3011 in
370 2953 482 3012 Natura
500 2954 647 3013 insolitum
668 2958 699 3012 et
718 2958 820 3012 contra
840 2953 1011 3030 opinionem,
1033 2973 1118 3029 quam
1136 2973 1174 3011 ex
1187 2972 1252 3011 0011-

191 3033 342 3092 suetudine
372 3034 407 3092 de
441 3034 556 3093 Natura
577 3035 673 3103 habet,
695 3034 863 3108 contingere
883 3034 977 3106 videt3
999 3033 1158 3109 pracsertim
1179 3033 1203 3090 si
1222 3032 1253 3089 id

191 3113 223 3171 in
243 3113 305 3188 ejus
325 3114 435 3171 lucrum
456 3118 508 3171 aut
527 3115 705 3173 commodum
727 3114 863 3185 cessarit;
885 3119 914 3172 et
936 3133 973 3170 ex
993 3114 1073 3171 nulla
1096 3132 1128 3170 re
1148 3111 1256 3171 clarius

193 3192 376 3251 existentiam
405 3193 458 3251 Dei
488 3193 604 3269 probari
634 3213 719 3269 posse
750 3193 905 3261 existimat,
937 3213 1023 3268 quam
1054 3212 1091 3250 ex
1112 3213 1155 3262 eo,
1177 3192 1253 3268 quod

193 3271 313 3343 Natura,
345 3277 377 3331 nt
407 3277 520 3348 putant,
554 3293 636 3331 sunm
666 3272 796 3330 ordinem
827 3292 884 3330 non
905 3277 1011 3330 servet.
1042 3273 1080 3330 Et
1101 3277 1257 3348 propterea

193 3352 257 3410 illos
277 3372 375 3411 omnes
395 3354 496 3423 Deum,
518 3357 569 3410 aut
589 3353 691 3411 saltem
712 3351 766 3410 Dei
785 3351 1004 3427 providentiam,
1027 3353 1127 3410 tollere
1137 3356 1253 3428 putant,

195 3432 244 3508 qui
274 3451 321 3490 res
352 3437 381 3490 et
400 3432 539 3491 miracula
558 3451 611 3507 per
630 3452 733 3491 causas
752 3432 900 3490 naturales
920 3432 1074 3507 explicant,
1097 3437 1148 3490 aut
1167 3431 1257 3490 intel·
1318 3441 1320 3444 '

194 3513 285 3588 ligere
314 3512 439 3572 student.
471 3512 647 3571 Existimant
683 3511 800 3573 scilicet.
823 3512 914 3570 Deum
935 3512 1045 3570 tamdiu
1065 3512 1137 3569 nihil
1156 3531 1256 3586 agere,

196 3592 331 3668 quamdiu
351 3593 463 3651 Natura
483 3591 566 3650 solito
588 3591 687 3651 ordine
701 3591 778 3667 agit3
794 3596 824 3650 et
837 3597 947 3661 contra,
962 3593 1121 3667 potentiam
1136 3592 1257 3650 Naturae

196 3677 226 3729 et
256 3692 358 3731 causas
390 3672 536 3730 naturales
569 3671 679 3730 tamdiu
700 3692 762 3730 esse
783 3672 899 3734 otiosas.
921 3673 1056 3748 quamdiu
1077 3673 1155 3730 Deus
1175 3670 1255 3746 agit3

197 3752 269 3810 duas
288 3751 387 3827 itaque
407 3752 553 3826 potentias
566 3772 684 3811 numero
699 3752 871 3811 abinvicem
887 3752 1037 3811 distinctas
1050 3752 1263 3826 imaginantur,

1378 3800 1389 3884 l
