2784 4392
189 334 228 390 42
644 355 812 395 amorheos

189 523 300 577 motum
331 523 362 577 et
393 518 527 594 quietem,
561 539 717 597 eorumque
748 522 828 596 leges
858 527 888 580 et
908 522 1034 597 regulas,
1057 541 1130 598 quas
1149 522 1263 580 Natura

189 618 303 676 semper
324 600 470 670 observat,
494 604 524 658 et
543 620 597 675 per
617 621 691 677 quas
712 601 848 660 continuo
868 601 940 677 agit,
962 606 1041 659 etex
1055 601 1101 660 his
1116 602 1263 676 gradatim

188 679 225 738 ad
257 679 315 738 aha
345 680 441 738 minus
471 679 649 739 universalia
679 682 876 758 procedimus3
907 681 949 740 sic
974 681 1061 740 etiam
1081 702 1118 739 ex
1138 682 1263 740 historia

189 759 346 835 Scripturas
366 759 395 818 id
416 759 540 836 primum
562 763 759 837 quaerendum,
779 763 852 838 quod
868 761 1153 832 universalissimum,
1168 763 1259 837 quod·

189 858 245 915 que
266 839 356 899 totius
377 839 535 915 Scriptura
556 842 636 900 basis
655 847 686 900 ct
699 843 918 901 iimdamentum
933 846 987 913 est,
1002 847 1032 900 et
1047 842 1123 917 quod
1137 841 1263 917 denique

186 919 216 978 in
248 919 312 996 ipsa
336 923 476 995 tanquam
497 928 607 979 aeterna
627 927 658 980 et
678 923 811 981 omnibus
831 922 1001 981 mortalibus
1020 921 1173 980 utilissima
1193 922 1257 989 doe-

186 999 266 1058 trina
287 1002 323 1058 ab
345 999 477 1058 omnibus
497 1001 652 1077 Prophetis
672 1004 898 1062 commendatur.
917 1001 1050 1077 Exempli
1064 1001 1168 1076 gratia,
1183 1002 1261 1076 quod

188 1081 267 1138 Deus
290 1079 393 1139 unicus
413 1085 444 1138 et
464 1081 646 1157 omnipotens
667 1083 776 1153 existit,
799 1084 849 1160 qui
869 1083 948 1141 solus
969 1087 1014 1141 cst
1034 1081 1208 1153 adorandus,
1229 1086 1261 1140 et

188 1159 236 1234 qui
258 1180 357 1219 omnes
377 1164 470 1232 curat,
493 1181 598 1237 eosque
619 1183 708 1238 supra
722 1183 821 1222 omnes
836 1162 939 1238 diligit,
955 1162 1003 1238 qui
1016 1161 1110 1237 ipsum
1123 1162 1258 1233 adorant,

188 1244 218 1298 et
248 1240 409 1316 proximum
440 1245 579 1318 tanquam
601 1243 771 1318 semetipsos
790 1248 899 1313 amant,
921 1248 975 1301 eto.
1004 1242 1076 1301 Haec
1096 1247 1126 1300 et
1146 1241 1260 1313 similia,

187 1320 315 1395 inquam,
338 1320 488 1396 Scriptura
509 1322 615 1397 ubique
635 1327 696 1381 tam
719 1324 796 1381 olere
816 1327 933 1398 tamque
954 1341 1090 1398 expresse
1111 1322 1204 1391 docet,
1226 1326 1260 1380 ut

186 1401 284 1458 nullus
314 1420 442 1475 unquam
472 1401 570 1472 fuerit,
592 1402 641 1476 qui
662 1404 698 1462 de
719 1403 781 1479 ejus
801 1423 888 1462 seusu
909 1402 985 1461 circa
1005 1403 1067 1461 haec
1088 1402 1256 1476 ambegerit.

187 1479 262 1549 Quid
295 1484 391 1538 autem
420 1482 499 1540 Deus
519 1481 566 1555 sit,
588 1487 619 1540 et
639 1503 696 1557 qua
717 1483 830 1541 ratione
850 1503 897 1542 res
918 1502 1018 1541 omnes
1037 1482 1145 1553 videat,
1165 1481 1261 1556 iisque

186 1559 348 1636 provideat,
380 1560 444 1618 haee
475 1565 505 1619 et
535 1561 639 1620 similia
667 1562 817 1638 Scriptura
844 1583 882 1622 ex
909 1563 1048 1639 professo,
1069 1567 1099 1620 et
1119 1566 1259 1636 tanquam

187 1644 328 1698 aeternam
360 1639 530 1715 doctrinam,
563 1662 621 1700 non
653 1643 751 1702 docet:
784 1644 833 1702 sed
866 1648 976 1714 contra,
998 1642 1161 1717 Prophetas
1180 1641 1260 1717 ipsos

186 1718 264 1778 circa
293 1720 357 1778 haec
388 1739 447 1779 non
472 1722 650 1794 convenisse,
670 1724 731 1798 jam
752 1743 840 1799 supra
860 1722 1051 1794 ostendimus;
1073 1722 1202 1797 adeoque
1222 1722 1260 1781 de

186 1798 326 1858 similibus
355 1799 427 1858 nihil
455 1806 594 1877 tanquam
615 1803 776 1862 doctrinam
797 1803 921 1879 Spiritus
942 1802 1040 1861 Sancti
1060 1803 1256 1872 statuendum,

186 1878 302 1938 tametsi
330 1880 452 1939 Lumine
472 1882 606 1941 Naturali
626 1883 734 1958 optime
755 1883 940 1942 determinari
959 1882 1061 1959 possit,
1082 1883 1147 1940 Hae
1166 1882 1257 1957 igitur

185 1959 344 2018 universali
361 1960 518 2036 Scripturae
537 1963 670 2022 doctrina
683 1966 773 2039 probe
787 1963 912 2039 cognita,
929 1963 1140 2038 procedendum
1155 1962 1259 2020 deinde

185 2043 231 2098 est
260 2040 297 2098 ad
318 2039 375 2099 alia
395 2041 490 2101 minus
510 2043 695 2114 universalia,
718 2048 747 2102 et
767 2063 832 2119 quae
854 2048 952 2102 tamen
972 2062 1151 2101 communem
1171 2061 1256 2100 usum

185 2118 255 2179 vitae
288 2125 430 2196 spectant,
463 2143 586 2200 quaeque
617 2143 655 2182 ex
685 2124 741 2182 hae
772 2122 930 2182 universali
961 2122 1093 2182 doctrina
1118 2127 1257 2198 tanquam

184 2199 271 2259 rivuli
303 2200 485 2275 derivantem
508 2204 551 2262 uti
571 2209 640 2262 sunt
661 2223 761 2262 omnes
781 2224 859 2263 verae
881 2203 998 2262 virtutis
1019 2202 1148 2261 actiones
1168 2201 1257 2278 parti-

186 2279 299 2338 culares
320 2286 459 2353 externae,
483 2303 548 2358 quae
569 2303 628 2342 non
648 2283 705 2341 nisi
725 2285 795 2342 data
812 2283 962 2342 occasione
976 2282 1105 2341 exerceri
1119 2287 1257 2357 possunt3

185 2363 216 2417 et
247 2359 381 2434 quicquid
413 2362 492 2421 cirea
522 2364 586 2422 haec
617 2365 771 2423 obscurum
802 2364 864 2424 sive
895 2363 1060 2437 ambiguum
1084 2362 1116 2421 in
1137 2362 1259 2438 Scriptis

186 2439 360 2515 reperiatur,
392 2460 431 2500 ex
463 2443 594 2501 doctrina
626 2444 783 2519 Scripturae
815 2443 973 2502 universali
1003 2442 1206 2519 explicandum
1229 2446 1260 2500 et

186 2518 438 2579 determinandum
459 2527 519 2581 est:
542 2523 566 2582 si
580 2543 644 2598 quae
658 2528 755 2582 autem
769 2523 892 2582 invicem
907 2522 1054 2582 contraria
1067 2522 1258 2598 reperiantur,

185 2598 350 2670 videndum,
373 2621 432 2676 qua
453 2603 613 2673 occasione,
636 2623 692 2679 quo
713 2608 852 2679 tempore,
873 2604 921 2662 vel
942 2603 988 2662 cui
1008 2602 1117 2677 scripta
1136 2602 1256 2661 fixerint.

184 2680 239 2739 Ex.
262 2699 307 2754 gr.
328 2698 393 2738 cum
412 2681 545 2742 Christus
559 2683 637 2753 dicit,
652 2685 728 2743 beati
741 2686 873 2760 tepentes,
890 2687 1026 2759 quonium
1041 2683 1259 2742 consolationem

185 2761 333 2834 accipient,
365 2779 402 2818 ex
435 2763 490 2822 hoc
520 2764 616 2822 Textu
646 2763 799 2834 nescimus,
822 2764 922 2840 quales
942 2764 1077 2838 lugentes
1096 2761 1257 2837 intelligat3

183 2840 236 2898 sed
269 2838 336 2915 quia
365 2846 468 2917 postea
499 2844 592 2918 docet,
623 2847 656 2902 ut
683 2844 719 2902 de
739 2845 819 2903 nulla
839 2864 871 2903 re
892 2843 981 2902 simus
1001 2842 1125 2913 solliciti,
1146 2842 1202 2901 nisi
1222 2843 1259 2901 de

185 2921 246 2978 solo
270 2939 362 2995 regno
383 2922 438 2981 Dei
458 2923 577 3000 ejusque
598 2923 721 3001 justitia,
743 2925 818 2999 quod
839 2929 872 2983 ut
892 2943 1034 2983 summum
1055 2925 1162 2981 bonum
1181 2942 1256 2981 com·

184 3001 304 3058 mandat
333 3000 413 3075 (vide
444 3004 550 3062 Matth.
575 3023 637 3080 cap.
661 3006 688 3062 6.
710 3024 754 3063 vs.
776 3006 847 3079 33),
868 3003 938 3063 hinc
958 3003 1098 3080 sequitur,
1119 3022 1185 3061 eum
1204 3022 1257 3078 per

185 3080 320 3154 lugentes
351 3101 400 3140 eos
432 3088 545 3142 tantum
575 3083 747 3158 intelligere,
779 3084 828 3159 qui
858 3083 961 3159 lugent
990 3104 1113 3159 reguum
1143 3083 1197 3142 Dei
1227 3087 1258 3141 et

183 3159 328 3235 justitiam
357 3164 394 3220 ab
425 3162 588 3222 hominibus
619 3165 798 3239 neglectam:
830 3165 885 3223 hoc
915 3163 991 3223 enim
1023 3168 1137 3223 tantum
1157 3163 1258 3238 lugere

184 3244 307 3315 possunt
337 3240 366 3314 ii,
398 3242 447 3316 qui
478 3242 549 3300 nihil
579 3242 635 3301 nisi
665 3263 789 3318 regnum
819 3243 958 3319 divinum,
989 3244 1051 3304 sive
1080 3243 1256 3320 aequitatem,

185 3324 286 3378 amant
317 3325 347 3380 et
378 3321 489 3397 reliqua
519 3323 643 3382 fortunae
675 3323 761 3399 plane
789 3328 985 3384 contemnunt.
1007 3324 1055 3383 Sic
1075 3324 1171 3394 etiam,
1193 3343 1258 3381 cum

185 3398 236 3472 ait,
269 3402 325 3459 Sed
356 3403 389 3472 ci,
422 3405 473 3479 qui
498 3405 624 3477 percutit
655 3411 679 3461 tc
709 3423 803 3479 supro
833 3406 984 3462 maxillam
1014 3412 1095 3463 tuam
1116 3407 1256 3474 dextram,

186 3480 294 3539 obverte
323 3482 368 3539 illi
398 3484 484 3540 etium
515 3484 645 3552 alteram,
678 3487 708 3541 et
739 3503 804 3558 quae
826 3482 929 3542 deinde
953 3489 1121 3560 sequuntur.
1144 3483 1174 3541 Si
1193 3484 1264 3542 haec'

185 3558 318 3619 Christus
348 3566 489 3638 tanquam
518 3562 682 3638 Legislator
701 3563 812 3640 judices
830 3564 954 3640 juberet,
976 3564 1069 3640 legem
1090 3562 1181 3622 Mosis
1200 3563 1256 3621 hoe

186 3645 331 3716 praecepto
364 3641 571 3712 destruxisset;
603 3644 679 3719 quod
701 3650 798 3704 tamen
819 3649 921 3704 eontra
941 3649 1041 3721 aperte
1061 3647 1159 3703 monet
1179 3642 1259 3717 (vide

189 3720 292 3777 Matth.
324 3741 388 3798 cap.
421 3721 448 3780 5.
478 3742 521 3780 vs.
546 3725 620 3793 17.)·;
643 3744 732 3800 quare
752 3725 917 3797 videndum,
939 3725 1070 3802 quisnam
1092 3724 1154 3782 haec
1174 3722 1255 3792 dixit,
1383 3770 1384 3773 ,

185 3798 290 3874 quibus
310 3805 340 3859 et
361 3820 417 3877 quo
438 3805 576 3878 tempore.
598 3804 708 3882 Nempe
729 3806 861 3866 Christus
882 3805 965 3878 dixit,
981 3805 1031 3883 qui
1045 3824 1103 3863 non
1117 3807 1255 3877 tanquam
1334 3780 1385 3867 *A
