2784 4392
160 323 197 380 12
473 327 484 359 ³
515 400 517 405 Ι
602 339 771 378 reserares

158 508 212 566 Dei
232 506 396 566 referantur
411 510 435 578 *,
457 507 486 565 id
507 512 661 582 propterea
682 511 796 565 tautum
817 505 881 576 fuit,
903 505 970 580 quia
991 525 1029 563 ex
1049 505 1226 564 revelatione

157 590 205 646 vel
225 608 263 646 ex
282 587 479 646 fundamentis
499 587 636 646 revelatis
656 586 798 645 institutae
812 587 939 644 fuerunt.
951 587 1061 644 Verum
1072 586 1140 661 quia
1150 586 1225 644 ratio

156 668 273 726 tametsi
294 668 465 726 solidissima
486 669 561 742 apud
583 687 748 725 communes
762 668 925 740 Theologos
935 686 994 723 nen
1004 667 1125 724 multum
1137 667 1223 738 valet,

136 749 237 813 ¹lubet
267 748 314 805 hie
338 748 410 818 haec,
432 768 496 822 quae
518 749 602 805 modo
623 747 809 818 ostendimus,
832 746 989 821 Scripturas
1012 746 1098 804 etiam
1120 746 1226 804 autori·
1338 798 1346 805 .
1388 766 1389 773 ¹

156 832 218 886 tate
239 830 422 899 confirmare3
444 834 474 885 et
495 828 597 886 deinde
618 828 653 885 ad
665 828 803 902 majorem
814 826 1049 902 perspicuitatem
1062 826 1223 895 ostendere,

155 928 213 982 qua
244 908 356 966 ratione
387 913 416 965 et
448 909 588 983 quomedo
621 906 798 966 caeremoniae
828 908 865 964 ad
886 906 1037 981 imperium
1058 906 1225 964 Judaeorum

150 988 361 1051 ¹stabiliendum
383 993 412 1046 et
431 988 661 1046 conservandum
681 987 886 1046 inserviebant.
908 986 1010 1044 Esaias
1030 986 1101 1043 nihil
1122 985 1227 1044 elarius
1320 1048 1324 1052 ,

155 1069 248 1139 docet,
281 1088 367 1143 quarn
399 1069 475 1144 quod
506 1069 552 1126 lex
574 1067 672 1126 divina
693 1068 826 1126 absolute
846 1072 962 1141 sumpta
982 1066 1125 1140 significet
1146 1066 1224 1124 illam

156 1149 250 1223 legem
282 1148 483 1219 universalem,
506 1148 621 1224 quaein
641 1168 712 1206 vera
733 1147 852 1206 vivendi
872 1147 984 1204 ratione
1005 1145 1146 1216 consistit,
1167 1166 1227 1204 non

155 1233 253 1286 autem
285 1229 488 1298 caeremoniam
518 1228 612 1304 capite
644 1229 719 1287 enim
755 1231 781 1286 1.
807 1248 850 1286 ve.
875 1229 920 1286 10.
942 1227 1090 1301 Propheta
1111 1231 1227 1300 gentem

156 1327 238 1366 suam
259 1314 346 1366 vocat
364 1309 400 1366 ad
422 1309 529 1383 Legem
551 1309 679 1366 divinam
701 1329 738 1366 ex
759 1328 789 1366 se
810 1308 991 1377 audiendam,
1013 1327 1050 1365 ex
1072 1327 1131 1382 qua
1147 1307 1227 1381 prius

157 1389 254 1446 omnia
274 1388 480 1447 sacrificiorum
502 1408 610 1463 genera
631 1389 761 1458 secludit,
783 1393 813 1446 et
834 1387 929 1445 onmia
949 1388 1034 1459 festa,
1056 1391 1086 1445 et
1108 1388 1226 1445 tandem

158 1468 251 1542 legem
271 1468 364 1543 ipsam
385 1470 469 1526 docet
490 1468 568 1539 (vide
590 1489 632 1527 vs
656 1469 703 1540 16,
727 1470 795 1539 tt),
818 1473 904 1544 atque
925 1467 971 1526 his
990 1468 1091 1542 paucis
1101 1487 1225 1543 compre·

159 1547 269 1619 hendit,
301 1567 404 1624 nempe
424 1549 455 1606 in
474 1549 675 1623 purificatione
696 1549 794 1617 animi,
816 1555 846 1608 et
867 1548 984 1607 virtutis
1005 1549 1066 1606 sive
1086 1551 1226 1606 bonarum

159 1626 305 1695 actionum
336 1649 391 1687 usu
422 1649 473 1687 seu
504 1629 615 1699 habitu,
647 1634 676 1687 et
698 1629 820 1705 denique
840 1629 919 1705 inopi
939 1629 1078 1687 auxilium
1098 1628 1225 1686 ferendo.

76 1723 78 1729 '
158 1707 219 1766 Nec
249 1709 345 1767 minus
364 1710 540 1767 luculentum
561 1708 757 1768 testimonium
778 1715 823 1768 est
843 1709 913 1767 illud
933 1710 1041 1767 Psalmi
1061 1711 1109 1767 40.
1131 1728 1174 1766 vs
1198 1709 1224 1779 7,

92 1896 95 1901 ,
155 1837 201 1907 9.;
223 1836 271 1895 hic
291 1837 366 1895 enim
388 1838 501 1896 Psaltes
522 1839 614 1898 Deum
636 1838 793 1915 alloquitur
806 1840 885 1897 nuru
901 1839 990 1897 asan
1005 1810 1049 1896 Nil
1064 1840 1158 1897 mint
1173 1840 1227 1896 rut

156 1966 268 2047 quum
295 1967 394 2025 *areu
410 1939 486 2027 utu
502 1969 589 2050 pur
603 1940 711 2035 uruat
726 1940 823 2027 abac
840 1955 883 2026 at
898 1969 1004 2026 auum
1020 1939 1094 2033 nin
1110 1939 1139 2021 ’Β
1154 1969 1227 2026 aar

153 2082 209 2147 'lin
232 2085 310 2164 qim
337 2087 512 2157 socmficium
542 2092 567 2143 et
588 2105 694 2143 munus
714 2105 771 2143 uon
792 2085 914 2155 velauri,
934 2081 945 2114 ¹
967 2103 1052 2141 aures
1072 2084 1144 2140 mihi
1159 2103 1227 2158 per·

153 2191 264 2264 fodisti,
297 2192 492 2249 holocaustum
525 2200 566 2250 et=
576 2194 690 2267 peccati
720 2193 886 2250 edictionem
917 2209 975 2249 nou
1003 2192 1126 2265 petiisti,
1147 2198 1239 2255 ruam,

155 2272 326 2328 veluntatem
359 2274 466 2346 exequi,
500 2274 541 2330 mi
574 2273 661 2341 Deua,
695 2273 787 2346 celui;
817 2291 886 2328 uum
908 2272 952 2329 lea
974 2278 1025 2328 tue
1046 2278 1085 2328 esf
1107 2274 1137 2328 iu
1158 2274 1228 2329 meis

155 2352 315 2410 uisceribus.
338 2352 433 2409 Vocat
453 2351 543 2426 igitur
563 2351 641 2408 illam
662 2356 777 2409 tanturn
798 2352 891 2425 legem
907 2350 969 2421 Dei,
982 2369 1046 2425 quae
1057 2350 1224 2421 visceribus,

155 2430 320 2503 vel-menti,
342 2431 482 2507 inscripta
504 2437 556 2499 est,
579 2435 608 2488 et
629 2433 666 2488 ab
687 2451 722 2489 ea
743 2430 928 2506 caeremonias
949 2430 1084 2502 secludit3
1106 2450 1225 2489 nameae

156 2530 194 2567 ex
218 2511 278 2568 solo
298 2511 442 2583 instituto,
465 2517 495 2569 et
516 2531 574 2569 non
595 2531 630 2569 ex
651 2517 757 2569 natura
777 2514 846 2569 sunt
866 2513 959 2579 bonae,
981 2511 1110 2585 adeoque
1132 2530 1226 2586 neque

157 2590 301 2661 mentibus
331 2591 486 2667 inscriptae.
516 2592 627 2649 Praeter
647 2592 711 2649 haec
732 2590 789 2648 alia
809 2591 904 2649 adhuc
924 2589 954 2648 in
976 2590 1126 2665 Scriptura
1145 2610 1225 2665 repe·

156 2670 280 2742 riuutur,
304 2690 366 2745 quae
387 2671 462 2729 idem
484 2676 639 2736 testantur,
661 2672 711 2729 sed
733 2672 795 2729 haec
806 2671 861 2728 duo
873 2670 1005 2728 attulisse
1016 2668 1225 2740 suffieit‘Quod

155 2753 252 2807 autem
274 2750 453 2809 caeremoniae
475 2751 546 2809 nihil
560 2752 597 2808 ad
612 2751 819 2808 beatitudinem
831 2751 944 2826 juvent,
959 2751 1008 2808 sed
1023 2751 1098 2825 quod
1110 2755 1224 2808 tautum

144 2828 266 2905 imperii
277 2835 491 2906 temporaneam
503 2830 670 2889 felicitatem
681 2830 846 2906 respiciant,
859 2830 946 2888 etiarn
956 2850 994 2888 ex
1004 2830 1067 2905 ipsa
1076 2831 1225 2906 Scriptura

154 2915 278 2979 constat,
291 2931 354 2985 quae
365 2931 418 2985 pre
429 2910 608 2970 caeremoniis
619 2910 690 2968 nihil
702 2910 758 2968 nisi
769 2911 897 2985 corporis
908 2911 1056 2968 commoda
1067 2915 1097 2968 et
1108 2910 1225 2968 delicias

155 2990 306 3064 promittit,
322 2996 352 3048 et
362 3011 414 3065 pro
421 2992 482 3049 sola
488 2992 553 3066 lege
559 2990 658 3048 divina
663 2991 821 3069 universali
828 2990 1044 3049 beatitudinem.
1053 2991 1087 3048 In
1099 2990 1224 3065 quinque

154 3069 231 3127 enim
241 3070 331 3141 libris,
344 3071 392 3145 qui
403 3071 493 3129 Musis
503 3073 592 3145 vulgo
605 3071 749 3142 dicuntur,
761 3070 833 3128 nihil
844 3072 930 3139 aliud,
944 3075 977 3128 ut
989 3070 1223 3145 supradiximus,

155 3149 342 3224 promittitur,
365 3170 450 3225 quam
472 3152 535 3210 haec
555 3156 742 3225 temporanea
762 3150 894 3223 felicitae,
909 3170 1011 3225 nempe
1025 3152 1149 3208 honores
1163 3150 1224 3208 sive
1315 3166 1318 3173 “

154 3230 241 3298 fama,
271 3230 412 3300 victoriae,
434 3231 553 3300 divitiae,
576 3229 692 3300 deliciae,
715 3235 745 3288 et
765 3231 911 3289 valetudo
932 3231 970 3287 Et
991 3230 1123 3304 quamvis
1143 3230 1225 3305 quin·

156 3328 211 3383 que
231 3309 272 3366 illi
291 3309 366 3379 libri,
388 3315 494 3385 praeter
514 3309 708 3380 caeremoniae,
729 3311 821 3369 multa
834 3310 954 3368 moralia
968 3311 1144 3384 contineant,
1160 3311 1224 3368 haec

155 3393 253 3447 tamen
273 3389 304 3447 in
324 3389 360 3447 iis
381 3410 440 3448 nou
460 3390 645 3448 continentur
659 3394 799 3466 tanquam
813 3391 985 3448 documenta
999 3390 1120 3448 moralia
1134 3390 1224 3449 omni·

155 3471 210 3527 bus
240 3469 403 3528 homiuibus
435 3469 620 3539 universalia,
649 3471 700 3528 sed
731 3475 870 3546 tanquam
891 3471 1028 3528 mandata
1049 3472 1085 3528 ad
1107 3475 1222 3546 captum

153 3553 184 3606 et
214 3549 361 3623 ingenium
393 3549 483 3608 solius
517 3551 648 3609 Hehraeae
682 3551 809 3609 nationis
829 3551 954 3609 maxime
975 3552 1171 3622 accomodata,
1194 3555 1224 3608 et

154 3648 218 3703 quae
239 3630 311 3687 adeo
332 3629 419 3686 etiam
440 3630 528 3688 solius
541 3630 654 3707 imperii
668 3631 824 3690 utilitatem
838 3636 980 3706 spectant.
996 3632 1050 3689 Ex.
1068 3651 1110 3705 gr.
1127 3632 1224 3689 Moses

186 3761 198 3786 *
215 3763 347 3810 Gamerer:
364 3763 542 3821 referebantur.

158 3824 163 3831 ‘
187 3825 194 3849 ¹
209 3824 256 3870 Est
272 3826 376 3884 phrasis
394 3826 425 3871 ad
442 3827 638 3885 significandum
655 3828 854 3886 perceptionem.
