2784 4392
457 320 776 360 namurco-rourum
797 321 861 360 cnr.
883 320 923 360 vr.
1186 300 1226 358 27

155 486 291 546 distincte
309 486 507 563 intelligimus,
527 488 582 547 Dei
601 507 689 564 opera
710 488 850 557 vocanda,
872 491 902 545 et
923 487 959 545 ad
975 486 1028 544 Dei
1043 487 1223 545 voluntatem

155 568 316 639 referenda,
346 587 430 643 quam
462 588 505 637 ea,
538 587 602 643 quae
632 568 719 644 plane
748 567 927 642 ignoramus,
960 565 1091 642 quamvis
1122 566 1224 641 imagi·

155 647 303 706 nationem
337 648 421 707 valde
451 654 601 724 occupent,
632 652 662 707 et
692 647 822 706 homines
857 646 887 705 in
924 646 1142 706 admirationem
1177 646 1221 705 sui

155 727 287 804 rapiant;
324 728 553 803 quandoquidem
591 747 626 786 ea
663 728 726 786 sola
759 727 879 786 Naturae
915 746 1013 803 opera,
1048 746 1113 801 quae
1145 727 1225 785 clare
1345 777 1350 783 .

156 812 188 866 et
220 807 355 871 distincte
387 808 582 883 intelligimus,
616 808 670 867 Dei
700 807 893 882 cognitionem
925 808 1050 866 reddunt
1080 806 1221 865 sublimio·

156 907 226 959 rem,
258 892 288 946 et
318 887 373 946 Dei
402 889 581 947 voluntatem
612 892 643 947 et
663 889 780 947 decreta
801 907 886 964 quam
907 887 1064 946 clarissime
1083 887 1225 946 indicant.

156 966 184 1026 Ii
215 967 304 1042 igitur
334 968 420 1043 plane
451 974 608 1043 nugantur,
643 968 701 1043 qui,
737 968 786 1027 ubi
820 986 881 1026 rem
915 967 1061 1042 ignorant.
1097 968 1133 1025 ad
1172 967 1225 1025 Dei

157 1048 337 1106 voluntatem
367 1054 534 1119 recurrunt3
555 1048 692 1107 ridiculus
713 1067 782 1106 sane
803 1048 905 1106 modus
924 1047 1118 1122 ignorantiam
1140 1048 1227 1122 proli·

157 1127 246 1188 tendi.
281 1129 381 1200 Porro,
424 1128 555 1204 quamvis
585 1148 623 1188 ex
652 1128 798 1187 miraculis
829 1127 937 1202 aliquid
968 1127 1138 1185 concludere
1161 1147 1224 1202 pos·

158 1227 262 1278 semus,
290 1209 369 1267 nullo
397 1213 495 1267 tamen
522 1209 606 1266 modo
627 1208 680 1267 Dei
701 1207 857 1266 existentia
876 1208 944 1266 inde
964 1212 1062 1282 posset
1083 1207 1225 1265 concludi.

158 1287 241 1359 Nam,
256 1307 321 1346 cum
334 1288 503 1347 miraculum
517 1308 589 1365 opus
602 1288 756 1347 limitatum
770 1287 818 1363 sit,
833 1307 887 1346 nec
902 1307 1037 1362 unquam,
1050 1286 1104 1344 nisi
1116 1293 1224 1345 certam

159 1371 189 1426 et
207 1367 361 1427 limitatam
380 1368 538 1444 potentiam
560 1367 713 1445 exprimat,
735 1373 845 1428 certum
866 1371 920 1438 est,
937 1386 1042 1437 nosex
1055 1367 1108 1425 tali
1122 1367 1226 1425 effectu
1334 1410 1336 1415 .

159 1467 218 1507 non
237 1467 322 1523 posse
342 1449 512 1507 concludere
532 1448 717 1508 existentiam
738 1467 843 1517 causae,
865 1447 947 1524 cujus
967 1447 1098 1523 potentia
1111 1447 1149 1504 sit
1163 1446 1224 1505 infi-

159 1527 230 1599 nita,
252 1529 302 1586 sed
323 1529 359 1586 ad
380 1548 522 1588 summum
543 1548 648 1598 causae,
670 1529 752 1604 cujus
772 1528 905 1604 potentia
924 1528 1017 1602 major
1037 1527 1084 1585 sit.
1100 1527 1170 1585 Dico
1185 1529 1226 1585 ud

158 1627 320 1684 summum
334 1613 446 1684 ¹potest
476 1609 551 1670 enim
581 1609 668 1668 etiam
694 1608 830 1683 consequi
850 1628 889 1666 ex
908 1607 1007 1666 multis
1027 1607 1122 1665 causis
1142 1607 1226 1665 simul

160 1688 397 1747 concurrentibus
417 1708 489 1765 opus
509 1689 635 1765 aliquod,
656 1689 739 1764 cujus
758 1687 874 1765 quidem
888 1688 933 1747 vis
946 1693 977 1746 et
989 1687 1120 1763 potentia
1133 1687 1229 1745 minor

160 1767 199 1827 sit
219 1768 349 1843 potentie
370 1769 496 1827 omnium
517 1788 671 1828 causarum
691 1769 784 1839 simul,
806 1774 838 1827 at
851 1767 868 1800 ⁴*
888 1768 975 1843 longe
989 1768 1081 1843 major
1095 1767 1226 1842 potentia

160 1848 386 1925 uniuscujusque
405 1869 508 1909 causae.
532 1852 573 1907 At
594 1848 727 1924 quoniam
749 1848 869 1908 Naturae
889 1848 970 1923 leges
990 1849 1035 1921 (ut
1053 1848 1113 1922 jam
1133 1852 1230 1905 osten·

161 1928 267 2001 dimus)
295 1929 331 1987 ad
351 1929 466 1988 infinita
486 1949 517 1988 se
537 1930 708 1995 extendunt,
729 1935 759 1988 et
779 1931 832 1987 snb
853 1929 976 2003 quadam
998 1928 1092 2004 specie
1114 1927 1227 1986 aeterni-

161 2008 232 2067 tatis
251 2029 269 2067 a
289 2009 371 2068 nobis
391 2009 601 2084 concipiuntur,
622 2015 652 2068 et
673 2009 786 2067 Natura
806 2009 963 2067 secundum
977 2020 1034 2066 'eas
1048 2013 1127 2066 certo
1142 2014 1231 2083 atque

161 2088 332 2147 immutabili
352 2089 452 2148 ordine
472 2090 619 2165 procedat,
640 2089 711 2165 ipsae
733 2088 816 2147 nobis
837 2093 957 2147 eatenus
978 2087 1031 2146 Dei
1045 2087 1228 2158 infinitatem,

161 2168 363 2240 aeternitatem,
385 2174 416 2229 et
433 2169 693 2228 immutabilitatem
715 2169 917 2245 aliquomodo
938 2167 1075 2227 indicant.
1109 2166 1227 2226 Conclu-

160 2248 253 2307 dimus
281 2248 388 2324 itaque,
418 2269 470 2308 nos
497 2269 549 2325 per
569 2249 708 2309 miracula
729 2250 830 2319 Deum,
853 2249 970 2324 ejusque
992 2247 1175 2305 existentiam
1196 2253 1229 2306 et

158 2328 379 2405 providentiam,
401 2349 575 2405 cognoscere
597 2349 654 2388 non
675 2349 768 2405 posse,
790 2330 841 2387 sed
862 2330 924 2388 haec
945 2328 1031 2403 longe
1045 2327 1147 2385 melius
1162 2347 1226 2386 con·

159 2409 235 2467 cludi
267 2429 304 2467 ex
335 2408 453 2469 Naturae
473 2410 533 2468 fixo
555 2414 643 2486 atque
663 2409 834 2468 immutabili
856 2408 964 2467 ordine.
987 2409 1102 2482 Loquor
1121 2408 1151 2465 in
1173 2408 1230 2465 hac

159 2489 341 2565 conclusione
363 2490 398 2547 de
419 2490 565 2561 miraculo,
589 2494 733 2566 quatenus
754 2508 806 2564 per
825 2488 854 2547 id
869 2488 940 2547 nihil
954 2488 1031 2547 aliud
1046 2487 1228 2562 intelligitur,

159 2588 246 2643 quam
277 2589 358 2645 opus,
387 2570 463 2645 quod
482 2570 629 2629 hominum
651 2575 767 2645 captum
790 2574 917 2644 superat,
941 2573 991 2626 aut
1011 2587 1149 2643 superare
1169 2587 1228 2626 ere·

160 2649 253 2719 ditur;
283 2668 349 2708 nam
379 2654 522 2725 quatenns
552 2654 764 2726 supponeretur
791 2648 920 2708 ordinem
942 2648 1060 2708 Naturae
1080 2648 1232 2706 destruere

161 2728 222 2788 sive
241 2728 460 2805 interrumpere,
482 2735 534 2789 aut
555 2731 617 2805 ejus
634 2730 747 2805 legibus
762 2748 934 2805 repugnare,
949 2732 1070 2787 eatenus
1083 2730 1128 2802 (ut
1141 2728 1226 2786 modo

161 2809 349 2882 ostendimus)
382 2829 440 2869 non
471 2814 585 2868 tantum
613 2811 719 2869 nullam
743 2810 797 2868 Dei
817 2808 1010 2884 cognitionem
1032 2810 1101 2866 dare
1121 2813 1228 2884 posset,

161 2889 211 2948 sed
242 2893 344 2948 contra
373 2889 461 2959 illam,
484 2909 570 2965 quam
592 2890 764 2949 naturaliter
785 2891 933 2959 habemus,
954 2888 1102 2956 adimeret,
1124 2893 1155 2946 'et
1175 2906 1231 2946 nos

161 2970 198 3027 de
217 2969 287 3037 Deo,
310 2973 340 3027 et
360 2969 500 3041 omnibns,
521 2969 654 3028 dubitare
674 2971 792 3029 faceret.
814 2967 914 3044 Neque
934 2968 981 3027 hic
1001 2968 1088 3026 ullam
1102 2986 1229 3042 agnosco

162 3048 352 3108 differentiam
372 3049 450 3109 inter
469 3070 541 3126 opus
561 3053 662 3108 contra
684 3049 833 3120 Naturam,
858 3052 888 3107 et
902 3067 974 3124 opus
987 3067 1076 3123 supra
1089 3047 1231 3106 Naturam

163 3129 230 3202 (boc
260 3134 314 3200 est,
346 3134 379 3188 ut
409 3130 524 3205 quidam
555 3130 647 3206 ajunt,
678 3149 759 3205 opus,
791 3129 866 3204 quod
898 3128 1012 3203 quidem
1032 3128 1151 3187 Naturae
1172 3138 1231 3186 non

162 3214 316 3284 repugnat,
341 3214 471 3268 attamen
492 3212 529 3269 ab
549 3209 612 3285 ipsa
633 3230 691 3268 non
710 3215 807 3285 potest
827 3209 947 3285 produci
966 3213 1018 3268 aut
1039 3207 1141 3279 effici);
1163 3227 1230 3267 nam

163 3307 227 3347 cum
258 3289 426 3349 miraculum
457 3310 515 3348 non
546 3294 631 3349 extra
657 3290 810 3358 Naturam,
832 3289 882 3348 sed
902 3287 934 3347 in
954 3288 1017 3364 ipsa
1037 3289 1150 3346 Natura
1170 3288 1234 3359 fiat,

164 3368 295 3444 quamvis
315 3389 404 3444 supra
423 3370 565 3429 Naturam
586 3375 742 3440 statuatur,
757 3374 855 3428 tamen
870 3388 987 3427 necesse
1001 3373 1054 3437 est,
1070 3374 1103 3426 ut
1113 3368 1232 3427 Naturae

165 3448 293 3515 ordinem
322 3449 524 3526 interrumpat,
548 3470 633 3526 quem
646 3450 726 3509 ¹alias
747 3451 836 3508 lixum
857 3453 946 3525 atque
968 3447 1173 3507 immutabilem
1194 3467 1234 3506 ex

165 3528 219 3586 Dei
247 3529 372 3588 decretis
399 3530 583 3606 concipimus.
606 3530 635 3589 si
656 3530 724 3605 quid
744 3530 835 3605 igitur
855 3528 885 3587 in
906 3528 1019 3587 Natura
1039 3529 1131 3598 fieret,
1154 3528 1231 3603 quod

166 3627 204 3666 ex
231 3608 322 3684 ipsius
351 3610 463 3684 legibus
493 3629 552 3669 non
581 3616 757 3686 sequeretur,
786 3610 816 3667 id
836 3607 997 3667 necessario
1019 3608 1121 3675 ordini,
1144 3626 1230 3683 quem

201 3785 274 3833 “Ed
291 3787 344 3833 Pn:
362 3802 397 3834 ac.
