2784 4392
429 359 746 400 sanctonico-Pomm
768 359 832 398 CAP.
854 357 920 396 VIII.
1167 339 1205 396 55

129 525 274 595 educatio,
305 529 335 584 et
364 546 453 601 supra
483 526 579 584 omnia
599 525 747 601 proprium
768 530 798 583 et
817 524 939 582 liberum
958 523 1105 599 judicium.
1128 524 1199 582 Cum

128 604 222 679 igitur
251 625 393 664 summum
411 607 459 682 jus
479 607 568 665 libere
589 605 740 672 sentiendi,
762 604 849 663 etiam
872 604 906 661 de
928 603 1088 678 Religione,
1110 623 1199 679 penes

129 705 362 761 unumquemque
382 686 428 758 sit,
450 706 504 745 nec
523 686 615 763 possit
635 685 756 761 concipi,
778 684 902 760 aliquem
917 685 1047 759 hoc-jure
1062 684 1199 742 decedere

129 784 224 841 posse,
257 765 312 824 erit
332 786 402 841 ergo
423 767 511 825 etiam
530 787 620 842 penes
639 784 871 841 unumquemque
892 784 1033 822 summum
1052 764 1100 839 jus
1120 784 1197 822 surn-

129 865 234 921 maque
255 847 417 905 authoritas
438 848 473 905 de
493 847 643 922 Religione
662 846 753 904 libere
770 844 926 921 judicandi,
945 849 975 902 st
989 848 1200 920 consequenter

129 927 252 984 eandem
283 926 338 984 sibi
367 926 531 1002 explicandi
560 933 590 985 st
620 925 846 1002 interpretandi;
878 944 945 982 nam
976 924 1055 982 nulla
1086 923 1199 983 alinde

130 1026 220 1064 causa
250 1026 361 1064 summa
392 1007 554 1065 authoritas
583 1008 664 1082 leges
693 1004 913 1081 interpretandi,
946 1009 976 1062 et
1003 1024 1143 1062 summum
1165 1005 1200 1062 de

129 1088 218 1145 rebus
248 1086 369 1162 publicis
397 1087 543 1163 judicium,
575 1107 664 1162 penes
694 1086 897 1160 magistratum
928 1089 981 1155 est,
1014 1104 1100 1159 quam
1132 1083 1201 1159 quia

129 1166 237 1241 publici
266 1167 341 1242 juris
365 1173 447 1226 sunt:
470 1168 599 1243 adeoque
620 1167 720 1225 eadem
742 1167 777 1223 de
797 1185 885 1224 causa
905 1185 1016 1222 summa
1038 1164 1201 1222 authoritas

129 1245 310 1321 Religionem
341 1248 512 1323 explicandi,
545 1253 574 1306 et
606 1248 641 1305 de
672 1248 773 1305 eadem
800 1244 956 1321 judicandi,
986 1264 1075 1319 penes
1095 1264 1200 1302 unum-

130 1345 273 1402 quemque
307 1327 371 1398 erit,
406 1328 514 1386 scilicet
548 1327 615 1404 quia
649 1326 874 1400 uniuscujusque
905 1324 979 1400 juris
1013 1329 1066 1382 est.
1099 1326 1200 1397 Longe

128 1406 221 1480 igitur
251 1409 343 1477 abest,
370 1413 404 1466 ut
424 1428 462 1466 ex
482 1408 660 1466 authoritate
680 1406 830 1464 Pontificis
849 1406 1040 1463 Hebraeorum
1062 1404 1098 1461 ad
1119 1405 1200 1478 leges

130 1486 240 1545 Patriae
260 1487 510 1563 interpretandum
532 1493 630 1564 posset
651 1487 781 1545 concludi
802 1485 925 1544 Romani
939 1484 1200 1543 Pontificisauthc·

129 1567 204 1625 ritas
225 1567 262 1625 ad
272 1567 520 1643 interpretandum
530 1568 714 1643 religionem3
728 1570 913 1638 cumcontra,
927 1565 1004 1623 hanc
1014 1584 1201 1640 unumquem-

131 1667 189 1722 que
218 1647 344 1710 maxime
376 1649 491 1720 habere,
513 1648 627 1706 facilius
648 1668 685 1706 ex
706 1647 755 1705 illa
776 1645 972 1705 concludatur.
994 1646 1091 1719 Atque
1112 1644 1200 1702 etiam

133 1727 202 1785 hinc
250 1729 402 1786 ostendere
441 1748 602 1803 possumus,
643 1731 773 1786 nostram
813 1726 980 1784 methodum
1021 1725 1199 1800 Scripturam

134 1807 347 1883 interpretandi
387 1808 524 1884 optimam
568 1828 640 1867 esse.
672 1808 755 1878 Nam,
787 1826 852 1865 cum
882 1806 1009 1864 maxima
1039 1804 1201 1863 authoritas

134 1887 313 1962 Scripturam
343 1889 554 1964 interpretandi
575 1889 651 1964 apud
672 1906 902 1961 unumquemque
923 1886 969 1957 sit,
991 1884 1201 1961 interpretandi

134 1987 204 2042 ergo
235 1987 336 2026 norma
370 1968 442 2027 nihil
462 1970 547 2027 debet
568 1989 629 2027 esse
649 1973 758 2045 praeter
779 1968 889 2025 Lumen
909 1966 1048 2025 Naturale
1069 1964 1201 2023 omnibus

134 2067 296 2120 commune;
318 2068 376 2107 non
398 2049 486 2108 ullum
508 2069 595 2124 supra
616 2055 750 2127 naturam
771 2048 876 2117 lumen,
898 2066 991 2122 neque
1009 2047 1069 2104 ulla
1079 2050 1201 2103 externa

133 2127 312 2200 authoritas;
333 2149 392 2186 non
413 2129 500 2187 etiam
521 2131 607 2187 debet
627 2148 690 2187 esse
711 2128 783 2186 adeo
804 2126 934 2198 difficilis,
957 2132 1068 2184 utnon
1089 2125 1144 2182 nisi
1163 2127 1200 2182 ab

134 2207 308 2266 acutissimis
337 2208 520 2286 Philosophis
551 2209 636 2284 dirigi
666 2208 767 2285 possit,
788 2207 839 2265 sed
859 2206 986 2282 naturali
1006 2211 1036 2264 et
1056 2204 1200 2264 communi

77 2299 84 2310 '
134 2288 282 2346 hominum
312 2289 428 2363 ingenio
463 2294 492 2347 et
513 2289 667 2364 capacitati
687 2287 911 2354 accommodata,
933 2291 966 2344 ut
986 2290 1116 2344 nostram
1136 2304 1200 2343 esse

135 2368 321 2427 ostendimus.
353 2369 484 2428 Vidimus
514 2370 600 2438 enim,
636 2389 694 2439 eas,
727 2368 876 2444 quaejam
897 2368 994 2437 habet,
1016 2366 1201 2425 difficultates

136 2452 216 2506 ortas
236 2448 325 2507 fuisse
345 2451 382 2507 ab
402 2449 549 2509 hominum
570 2449 710 2523 socordia,
726 2468 784 2506 non
795 2452 892 2506 autem
903 2467 941 2505 ex
952 2451 1057 2505 natura
1066 2444 1203 2504 methodi.

426 2667 427 2670 ’
530 2652 699 2711 OAPUT
730 2651 814 2709 VIII.

177 2822 213 2880 ln
235 2840 289 2896 quo
313 2823 480 2891 stenditur,
502 2823 711 2880 Pentateuchcn
730 2825 755 2879 et
775 2822 862 2878 libros
882 2821 990 2889 Josrcce,
1018 2819 1167 2888 Judicum,

217 2902 287 2972 unt,
309 2901 458 2971 iS‘umut'lis,
476 2909 501 2960 et
521 2902 630 2977 Rapum
650 2921 708 2959 uon
728 2920 783 2960 esse
804 2901 993 2976 anteprapha.
1017 2901 1127 2958 Deinde

270 2984 441 3056 inquiritur,
464 3001 502 3040 un
525 2983 773 3040 carcinomatum
795 2984 955 3055 Scrzptores
971 2981 1073 3054 plures

364 3064 484 3136 fuerint,
506 3082 546 3120 uu
566 3082 642 3120 uuus
659 3069 781 3136 tantum,
803 3069 828 3120 et
849 3064 979 3137 quinum.

177 3249 213 3307 In
234 3248 411 3324 praecedenti
431 3247 532 3324 Capite
553 3248 588 3306 de
608 3247 804 3306 fundamentis
824 3252 853 3304 et
871 3246 1018 3322 principiis
1033 3245 1205 3321 cognitionis

138 3329 352 3405 Scripturarum
380 3328 500 3403 egimus,
529 3347 621 3403 eaque
650 3328 729 3386 nulla
750 3327 807 3385 alia
827 3347 890 3385 esse
910 3327 1096 3396 ostendimus
1119 3346 1205 3402 quarn

138 3410 242 3468 harum
277 3408 418 3467 sinceram
449 3408 608 3466 historiam.
636 3409 722 3465 Hauc
748 3412 855 3482 autem,
885 3426 1050 3485 quanquam
1078 3406 1207 3482 apprime

138 3488 340 3559 necessariam,
360 3489 483 3547 Veteres
503 3493 600 3546 tamen
621 3487 793 3562 neglexisse,
815 3488 871 3561 vel,
893 3487 918 3544 si
938 3506 1023 3562 quarn
1038 3486 1206 3562 scripserint

140 3574 191 3628 aut
227 3568 410 3639 tradiderint,
447 3573 607 3643 temporum
639 3567 745 3643 injuria
776 3567 903 3641 periisse,
936 3572 965 3625 et
996 3572 1205 3641 consequenter

140 3668 276 3724 magnam
303 3654 415 3724 partem
442 3649 694 3706 fundamentorum
722 3653 752 3706 et
771 3647 977 3723 principiorum
996 3647 1083 3722 hujus
1104 3644 1203 3720 cogni·

139 3730 228 3788 tionis
247 3728 435 3788 intercidisse.
458 3728 540 3798 Quod
562 3729 656 3787 adhuc
676 3728 858 3786 tolerandum
872 3732 957 3796 esset,
972 3726 998 3785 si
1010 3726 1119 3802 posteri
1130 3725 1209 3784 intra

140 3829 226 3868 veros
252 3808 358 3867 limites
387 3829 418 3867 se
446 3808 662 3882 continuissent,
692 3813 722 3866 et
748 3827 849 3883 pauca,
879 3828 944 3884 quae
965 3812 1137 3883 acceperant
1158 3811 1209 3864 aut
