2784 4392
426 296 746 337 rnronoeroo-ronrrrm
768 298 832 338 osa.
853 297 894 336 vr.
1127 302 1130 307 ·
1168 280 1206 340 33

135 464 195 535 sed,
230 464 328 534 solem,
360 468 391 522 et
420 464 520 522 lunam
551 464 675 535 stetisse,
708 463 770 522 sive
801 483 820 522 a
850 483 901 522 suo
932 469 1012 522 motu
1032 463 1206 536 cessavisse

134 544 209 619 quod
230 543 303 620 ipsis
323 543 410 602 etiam
432 549 494 602 tum
514 544 654 621 temporis
674 564 732 602 non
754 562 856 618 parum
876 543 1018 604 inservire
1038 548 1153 618 poterat
1168 545 1207 603 ad

133 623 283 695 Elthnioos,
316 623 365 699 qui
395 624 484 683 solem
516 626 687 694 adorabant,
719 623 957 694 convincendum,
989 628 1019 682 et
1039 626 1102 699 ipsa
1122 643 1207 700 expa-

135 703 242 763 rientia
263 705 517 780 comprobandum,
540 705 629 763 solem
650 706 704 762 sub
725 703 846 763 alterius
862 704 988 762 numinis
1000 704 1121 779 imperio
1134 723 1208 778 esse,

134 803 172 843 ex
194 784 278 860 eujus
298 789 372 843 nutu
394 785 522 843 ordinem
544 805 627 844 suurn
648 785 812 843 naturalem
832 788 945 843 mutare
966 789 1092 843 tenetur.
1111 785 1208 854 Quare

133 864 241 940 partim
275 884 313 923 ex
344 864 493 940 religione,
525 865 632 940 partim
652 884 691 922 ex
711 864 923 941 praeconceptis
943 864 1126 939 opinionibus
1146 884 1208 924 rem

134 946 222 1021 longe
244 944 296 1002 alit
283 949 339 1015 t,er
362 965 449 1021 quam
469 964 573 1004 revera
594 944 763 1020 contingere
784 945 887 1020 potuit,
908 950 1102 1020 conceperunt
1119 949 1207 1021 atque

134 1029 357 1084 enarraverunt.
385 1025 481 1100 Igitur
501 1026 538 1084 ad
559 1025 698 1084 miracula
719 1024 876 1100 Scripturas
896 1024 1155 1116 interpretandum,
1177 1029 1207 1083 et

34 1168 40 1173 ,
134 1124 172 1164 ex
203 1125 303 1164 eorum
333 1105 590 1165 narrationibus
582 1105 811 1198 intelligendum,
843 1105 1022 1179 quomodo
1002 1125 1077 1197 rpsa
1101 1124 1205 1163 revera

134 1185 321 1260 contigerint,
349 1204 465 1244 neeesse
491 1190 544 1255 est,
566 1185 734 1323 opiniones
737 1205 836 1243 eorum
856 1184 939 1255 seire,
961 1184 1010 1260 qui
1030 1185 1094 1260 ipsa
1114 1185 1206 1261 primo

135 1269 340 1336 narraverunt,
363 1270 392 1324 et
413 1265 463 1341 qui
483 1266 567 1324 nobis
588 1285 623 1325 ea
643 1265 752 1340 scripto
773 1231 961 1356 reliquerurit,
984 1269 1014 1323 et
1034 1284 1084 1323 eas
1104 1267 1141 1323 ab
1162 1285 1205 1336 eo,

135 1346 212 1421 quod
234 1365 336 1404 sensus
356 1345 392 1404 iis
412 1351 621 1421 repraesentare
641 1349 809 1422 potuerunt,
788 1344 897 1403 tdist
876 1349 1025 1420 t1nguere3
1044 1344 1116 1403 alias
1129 1345 1210 1403 enim

135 1445 234 1484 eorum
267 1425 417 1502 opiniones
447 1431 477 1484 et
505 1426 614 1502 judicia
645 1446 711 1485 eum
742 1425 806 1502 ipso
826 1425 974 1496 miraculo,
996 1430 1083 1501 prout
1102 1444 1206 1484 revera

134 1505 267 1581 contigit,
295 1507 513 1567 contendemus.
535 1506 594 1565 Nee
616 1506 652 1564 ad
673 1507 737 1565 haee
757 1510 881 1576 tantum,
903 1505 953 1564 sed
975 1525 1011 1563 ne
1033 1505 1120 1563 etiam
1141 1525 1206 1564 eon·

135 1587 292 1644 fundamus
321 1605 377 1657 res,
400 1607 465 1662 quae
486 1606 589 1663 revera
609 1586 804 1661 contigerunt,
826 1605 891 1644 oum
911 1588 998 1644 rebus
1017 1585 1205 1660 imaginariis,

135 1670 165 1724 et
198 1685 264 1742 quae
296 1686 354 1724 non
387 1666 443 1725 nisi
467 1667 741 1742 repraesentationes
761 1665 939 1741 propheticae
959 1667 1085 1736 fuerunt,
1108 1686 1207 1725 eorum

136 1745 287 1822 opiniones
308 1746 381 1805 seire
402 1747 500 1805 refert.
522 1747 558 1805 In
578 1747 729 1822 Scriptura
743 1746 818 1804 enim
832 1746 970 1805 multant
984 1746 1074 1804 realia
1087 1765 1206 1804 narran-

135 1831 192 1898 tur,
206 1831 245 1897 ,et
266 1846 330 1902 quae
352 1826 439 1885 etiam
459 1827 550 1885 realia
570 1846 632 1885 esse
654 1828 855 1896 credebantur,
877 1846 942 1901 quae
962 1832 1060 1884 tamen
1078 1846 1136 1884 non
1150 1826 1206 1884 nisi

135 1905 408 1982 repraesentationes
441 1926 546 1982 resque
576 1906 757 1982 imaginariae
788 1907 923 1977 fuerunt3
953 1911 987 1969 ut
1018 1907 1093 1981 quod
1125 1907 1205 1965 Deus

135 1987 289 2060 (summum
310 1987 374 2059 ens)
395 2006 412 2045 e
432 1988 504 2046 eoelo
526 1986 707 2046 descenderit
729 1986 808 2059 (vide
820 1985 914 2045 Exodi
928 2006 991 2061 cap.
1008 1988 1054 2044 19.
1070 2006 1113 2045 vs.
1131 1988 1177 2045 18.
1189 1988 1205 2020 *

135 2070 165 2124 et
196 2067 283 2125 Deut.
314 2086 377 2142 cap.
410 2070 438 2126 5.
471 2087 513 2127 vs.
548 2069 593 2126 19.
606 2065 662 2141 **),
694 2072 725 2125 et
750 2067 826 2142 quod
847 2086 929 2124 mons
950 2066 1030 2124 Sinai
1051 2071 1205 2141 propterea

134 2146 274 2216 fumabat,
306 2149 376 2222 quia
395 2148 474 2206 Deus
497 2166 586 2222 supra
606 2148 729 2206 eundem
750 2146 939 2207 descenderat
958 2146 1027 2221 igne
1047 2146 1206 2205 circumda-

134 2232 198 2298 tus;
233 2227 309 2302 quod
339 2226 418 2285 Elias
448 2228 485 2286 ad
506 2229 609 2287 eoelum
629 2227 716 2303 igneo
737 2247 823 2285 curru
844 2232 874 2284 et
893 2226 987 2302 igneis
1007 2226 1089 2301 equis
1109 2246 1206 2286 aseen-

133 2306 224 2377 derit;
261 2326 326 2381 quae
362 2327 432 2365 sane
466 2307 562 2366 omnia
596 2328 654 2365 non
689 2307 745 2365 nisi
775 2306 1048 2382 repraesentationes
1078 2307 1205 2376 furerent,

133 2387 283 2462 adaptatae
305 2386 490 2462 opinionibus
510 2407 618 2457 eorum,
641 2387 691 2462 qui
712 2407 761 2445 eas
781 2387 865 2445 nobis
884 2392 917 2445 ut
937 2386 972 2445 iis
986 2392 1205 2462 repraesentatas

133 2472 211 2538 sunt,
243 2486 347 2542 nempe
378 2471 412 2525 ut
442 2487 490 2526 res
521 2469 658 2538 actuales,
690 2467 882 2526 tradiderunt.
916 2467 1023 2526 Omnes
1049 2467 1134 2539 enirn,
1157 2468 1203 2543 qui

133 2546 345 2622 aliquantulum
377 2567 466 2623 supra
490 2548 610 2622 vulgum
632 2547 757 2623 sapiunt,
780 2547 884 2618 sciunt,
906 2548 999 2605 Deum
1019 2567 1078 2606 non
1099 2548 1206 2606 habere

134 2627 268 2685 dextram
289 2647 382 2703 neque
404 2627 560 2698 sinistram,
583 2647 675 2703 neque
696 2627 807 2686 moveri
827 2647 920 2703 neque
942 2627 1097 2702 quiescere,
1111 2646 1206 2703 neque

133 2706 162 2764 in
194 2708 267 2779 loco,
291 2709 349 2786 sed
376 2709 507 2766 absolute
527 2708 671 2766 infinitum
693 2727 765 2779 esse,
787 2713 817 2766 et
837 2707 868 2765 in
888 2727 922 2766 eo
943 2727 1043 2765 omnes
1063 2706 1205 2766 contineri

132 2786 335 2862 perfectiones.
358 2788 440 2857 Haec,
461 2788 589 2864 inquam,
611 2788 631 2846 ii
652 2788 756 2858 sciunt,
779 2788 896 2864 quires
917 2807 952 2846 ex
972 2787 1205 2863 perceptionibus

132 2866 198 2942 puri
229 2866 397 2935 intellectus
426 2868 566 2944 judicant,
599 2872 627 2926 et
658 2888 718 2926 non
739 2873 826 2943 prout
845 2867 1014 2943 imaginatio
1035 2888 1053 2925 a
1074 2867 1205 2926 sensibus

133 2947 263 3005 externis
283 2947 423 3019 afficitur3
444 2953 478 3007 ut
498 2949 604 3022 vulgus
625 2949 707 3020 solet,
713 2949 806 3040 quod
827 2947 891 3007 ideo
912 2948 1004 3005 Deum
1026 2966 1204 3038 corporeum,

133 3031 164 3085 et
197 3026 348 3118 imperium
379 3028 492 3103 regium
523 3032 679 3099 tenentem,
710 3028 854 3104 imaginat
854 3048 898 3099 ur,
929 3028 1012 3103 eujus
1042 3027 1182 3086 solium
1174 3048 1205 3086 ιιι

132 3107 318 3165 convexitate
353 3108 417 3167 ooeli
451 3113 601 3185 suprat
574 3103 673 3167 stellas
705 3127 769 3166 esse
799 3108 893 3183 fingit,
925 3128 1048 3183 quarum
1077 3128 1095 3166 a
1125 3112 1205 3167 terra

132 3187 246 3244 distt
180 3191 246 3245 ttan
246 3187 304 3245 iam
335 3207 394 3246 non
415 3189 568 3248 admodum
589 3189 707 3264 longam
728 3188 821 3247 eredit
841 3208 904 3247 esse
932 3188 970 3246 Ει
992 3188 1088 3246 hiset
1108 3187 1204 3247 simili·

134 3269 189 3325 bus
210 3267 393 3342 opinionibus
413 3268 469 3343 (ιιιι
490 3268 625 3341 diximus)
646 3268 817 3345 perplurimi
837 3268 994 3344 Scripturas
1017 3288 1101 3327 casus
1118 3269 1205 3344 adap-

132 3345 189 3405 tati
210 3352 288 3415 sunt,
310 3347 359 3422 qui
379 3348 500 3423 proinde
521 3369 579 3408 non
598 3350 705 3408 debent
718 3353 752 3407 ut
766 3349 860 3408 reales
872 3369 891 3407 a
904 3348 1089 3425 Philosophia
1103 3349 1204 3425 accipi.

134 3427 237 3486 Refert
269 3427 392 3503 denique
417 3429 454 3487 ad
475 3428 623 3499 miracula,
645 3435 678 3487 ιιι
699 3429 817 3488 realiter
837 3429 1022 3504 contigerint,
1044 3429 1205 3504 intelligen-

176 3701 190 3727 ’
206 3700 253 3747 Ed.
270 3702 325 3748 Pr:
342 3701 380 3748 28.

161 3763 188 3789 *⁶
204 3763 251 3810 Ed.
268 3764 322 3809 Pr.:
339 3764 377 3810 28.
394 3790 423 3798 -
440 3766 504 3811 Aliis
521 3778 558 3810 vs.
575 3765 614 3812 22.
681 3826 687 3834 Ι

171 3852 212 3913 ll.
