2784 4392
163 304 201 361 28
613 321 781 360 resonares

158 489 237 546 Deus
256 488 286 546 in
310 494 450 546 aeternum
470 508 523 564 per
548 489 628 563 leges
649 488 768 546 Naturae
788 480 967 546 universales
987 488 1017 545 in
1036 486 1149 546 Natura
1169 493 1228 546 sta-

160 568 224 639 tuit,
246 573 433 644 repugnaret,
456 569 586 643 adeoque
603 568 632 626 id
647 574 749 626 contra
763 568 903 626 Naturam
918 568 1036 644 ejusque
1049 569 1129 643 leges
1142 573 1227 636 esset,

158 653 189 707 et
215 653 425 723 consequenter
445 648 508 722 ejus
529 649 602 706 fides
623 668 675 707 nos
697 650 733 706 de
753 648 885 706 omnibus
906 648 1038 707 dubitare
1058 649 1176 719 faceret,
1198 653 1228 706 et

40 773 44 778 .
159 729 195 786 ad
217 728 399 786 Atheismum
422 728 550 786 duceret.
573 729 611 786 m
635 729 680 786 his
701 733 772 804 puto
794 749 839 786 me
854 728 892 800 id,
907 729 982 804 quod
997 729 1122 787 secundo
1135 729 1228 787 inten-

158 808 270 873 debam,
302 807 373 865 satis
404 807 494 866 firmis
526 808 689 867 rationibus
720 808 894 879 ostendisse;
916 828 951 866 ex
972 809 1076 884 quibus
1096 809 1131 867 de
1151 828 1227 866 novo

158 888 328 946 concludere
350 907 510 962 possumus,
534 887 704 946 miraculum
718 888 779 947 sive
793 894 895 947 contra
905 888 1055 959 Naturam,
1067 889 1130 947 sive
1140 908 1227 965 supra

158 967 307 1034 Naturam,
340 987 450 1025 merum
483 987 547 1026 esse
568 969 738 1038 absurdum3
761 973 791 1027 et
813 974 966 1044 propterea
987 988 1039 1044 per
1059 969 1226 1028 miraculum

157 1048 189 1106 in
216 1047 305 1106 sacris
324 1047 430 1105 litteris
450 1047 522 1106 nihil
545 1049 621 1106 aliud
643 1069 728 1125 posse
748 1048 879 1123 intelligi,
900 1068 986 1124 quam
1006 1068 1079 1124 opus
1098 1049 1225 1116 Naturae,

158 1126 201 1186 uti
234 1127 367 1199 diximus
404 1129 480 1203 quod
514 1135 630 1203 captum
661 1130 818 1188 humanum
850 1134 977 1204 superat,
1009 1135 1060 1187 aut
1090 1149 1227 1204 superare

157 1207 295 1268 creditur.

199 1289 266 1346 darn
298 1292 453 1362 antequam
486 1289 522 1347 ad
553 1289 608 1359 ΙΙΙ.
641 1308 770 1364 pergam,
802 1288 871 1346 libet
901 1289 982 1365 prius
1002 1290 1078 1348 hano
1098 1294 1225 1347 nostram

157 1368 340 1438 sententiam,
377 1387 479 1442 nempe
512 1370 587 1443 quod
619 1388 657 1426 ex
687 1367 834 1426 miraculis
866 1370 956 1427 Deum
987 1389 1045 1427 non
1076 1388 1227 1444 possumus

157 1468 340 1522 cognoscere,
363 1448 541 1507 authoritate
562 1448 718 1524 Scriptura
737 1450 922 1518 confirmar03
945 1453 975 1507 et
989 1449 1122 1525 quamvis
1136 1449 1227 1525 Scrip-

158 1532 224 1586 tura
255 1529 310 1586 hoo
334 1527 441 1585 ‘nullibi
473 1534 573 1603 aperte
606 1530 717 1597 doceat,
748 1529 833 1587 facile
864 1533 961 1586 tamen
993 1549 1031 1588 ex
1050 1528 1113 1605 ipsa
1132 1534 1228 1604 potest

158 1607 296 1675 concludi,
319 1607 459 1683 imprimis
480 1628 517 1666 ex
540 1628 583 1679 eo,
606 1610 681 1683 quod
703 1610 799 1666 Moses
821 1610 916 1678 (Dent.
935 1629 997 1685 cap.
1014 1610 1072 1677 132)
1087 1609 1226 1685 praecipit,

159 1693 192 1746 ut
208 1688 384 1763 Prophetam
399 1689 589 1759 seductorem,
605 1689 738 1765 quamvis
751 1688 840 1747 faciat
853 1689 1000 1760 miracula,
1014 1691 1116 1748 mortis
1129 1694 1226 1747 tamen

157 1817 309 1877 damnent:
332 1819 373 1878 sic
393 1820 469 1878 enim
491 1818 540 1889 ait,
562 1789 606 1878 115
622 1823 629 1868 2
645 1803 721 1900 ’11111
744 1822 805 1876 'm
831 1820 905 1877 W
929 1819 1041 1875 ΠΒῚῸΓΠ
1066 1818 1149 1874 man
1166 1819 1228 1913 ’1131

136 1967 194 2022 *m
216 1968 306 2026 urna
329 1937 856 2024 maerensmaerens
874 1967 967 2024 rim
982 1966 1053 2022 nm
1069 1935 1112 2022 ha·
1126 1965 1226 2030 rann
1276 1928 1278 1931 ⁸
1390 1950 1391 1969 ¹

156 2052 193 2107 m
208 2052 275 2108 111111
291 2054 371 2109 nina
388 2052 489 2108 &wi
516 2060 543 2109 et
565 2051 696 2126 quamvis
717 2053 863 2126 contiperit
885 2053 998 2126 styriam
1016 2059 1040 2108 et
1049 2057 1224 2124 portentum,

157 2134 233 2208 quod
254 2133 305 2190 tibi
321 2133 471 2208 praedixit,
487 2139 545 2202 etc,
561 2133 620 2206 noli
632 2136 730 2189 tamen
745 2134 880 2189 assentire
893 2132 984 2188 cerdis
994 2133 1056 2206 ejus
1069 2131 1226 2204 Prophetae,

156 2219 216 2283 etc,
250 2215 318 2288 quia
348 2214 491 2269 Dominus
512 2215 599 2270 uester
619 2213 698 2270 Deae
719 2231 765 2269 ros
786 2212 880 2280 tentat,
903 2219 951 2270 etc.
973 2212 1116 2285 Propheta
1137 2209 1226 2284 igitur

156 2293 202 2349 ille
224 2295 324 2350 mortis
347 2294 508 2362 dirueretur,
531 2300 580 2348 etc.
603 2292 645 2348 Ex
668 2290 771 2366 quibus
792 2291 868 2348 clare
889 2290 1027 2367 sequitur,
1049 2289 1226 2348 miraculae

156 2370 237 2429 falsis
267 2372 354 2429 etiam
387 2370 540 2445 Prophetis
571 2390 655 2446 posse
686 2371 758 2433 fieri.
789 2376 818 2428 et
846 2371 983 2439 homineS,
1004 2369 1060 2428 nisi
1081 2370 1135 2428 Dei
1155 2389 1225 2428 vera

155 2449 321 2521 cognitione
343 2454 373 2508 ct
394 2470 491 2507 amore
511 2452 601 2525 probe
621 2450 680 2508 sint
700 2449 812 2517 muniti,
836 2471 918 2526 aeque
932 2451 1015 2508 facile
1029 2470 1066 2519 ex
1079 2449 1225 2508 miraculis

156 2531 245 2588 falsos
276 2532 352 2588 Deos
383 2550 416 2587 ac
447 2531 555 2588 Verum
587 2550 672 2605 posse
704 2530 847 2607 amplecti.
878 2530 951 2589 Nam
983 2530 1071 2600 addit,
1092 2531 1172 2587 mm
1196 2530 1225 2586 ⁸2

155 2652 192 2706 111
214 2652 303 2710 wll<
328 2636 445 2707 02th
469 2652 536 2708 mm
564 2653 700 2727 quoniam
726 2653 834 2710 Jehoro
856 2658 944 2709 uester
963 2652 1041 2708 Deua
1060 2669 1108 2708 roa
1127 2658 1223 2722 lentot,

155 2737 187 2788 ut
215 2733 294 2802 aciat,
317 2751 387 2788 neum
408 2752 472 2790 eum
494 2734 598 2789 amatis
618 2733 728 2808 intepro
749 2734 832 2790 corde
852 2739 941 2789 veatro
963 2738 988 2787 et
1008 2732 1105 2788 animo
1125 2737 1223 2790 oestro.

155 2808 267 2867 Deinde
298 2810 437 2870 Israelitae
469 2831 507 2869 ex
535 2816 580 2869 tot
601 2811 746 2870 miraculis
766 2813 874 2869 nullum
896 2812 931 2868 de
951 2811 1012 2868 Deo
1033 2829 1133 2868 sanum
1156 2830 1223 2869 con-

156 2894 271 2965 ceptum
302 2891 428 2949 formare
458 2896 623 2967 potuerunt,
657 2893 734 2967 quod
759 2891 824 2967 ipsa
843 2889 1022 2966 experientia
1042 2894 1150 2948 testata
1170 2895 1223 2949 est.
1248 2955 1251 2960 ,

155 2969 237 3040 Nam,
261 2991 324 3028 curn
347 2971 401 3030 sibi
423 2973 639 3047 persuaderent,
661 2974 763 3030 Mosen
784 2974 821 3030 ab
840 2971 876 3029 iis
896 2970 1009 3039 abiisse,
1026 2970 1144 3027 numina
1158 2969 1223 3028 visi·

155 3048 224 3107 bilia
245 3053 282 3107 ab
303 3052 440 3110 Aharone
460 3051 615 3126 petierunt,
637 3057 667 3110 et
687 3052 805 3121 vitulus,
827 3051 899 3126 proh
920 3050 1028 3125 pudor!
1050 3070 1148 3108 eorum
1170 3050 1222 3109 Dei

155 3128 211 3186 fuit
239 3128 313 3199 idea,
347 3151 430 3205 quarn
463 3131 580 3188 tandem
601 3151 638 3189 ex
659 3136 704 3189 tot
725 3130 871 3189 miraculis
891 3131 1099 3189 formaverunt.
1121 3131 1222 3205 Asaph

156 3208 288 3282 quamvis
320 3214 365 3266 tot
395 3209 533 3268 miracula
564 3211 732 3280 audivisset,
764 3211 799 3268 de
830 3210 885 3268 Dei
915 3210 1098 3284 providentia
1124 3215 1222 3269 tamen

156 3287 308 3355 dubitavit,
342 3294 372 3347 et
401 3290 463 3348 fere
494 3310 512 3347 a
542 3309 613 3348 vera
646 3290 693 3348 via
715 3289 888 3358 deflexisset,
909 3289 965 3347 nisi
985 3291 1102 3348 tandem
1122 3309 1221 3348 veram

155 3367 362 3427 beatitudinem
383 3368 575 3428 intellexisset
596 3369 674 3443 (vide
693 3370 771 3429 Psal.
794 3371 862 3443 731.
882 3370 1016 3427 Salomon
1030 3371 1125 3438 etiam,
1141 3370 1222 3445 cujus

156 3452 285 3524 tempore
305 3469 353 3507 res
373 3450 392 3508 J
394 3450 538 3509 udaeorum
560 3449 590 3507 in
604 3468 715 3509 summo
729 3449 830 3524 vigore
843 3455 935 3519 erant,
950 3450 1114 3525 suspicatur
1127 3450 1222 3507 omnia

160 3548 228 3586 casu
242 3529 425 3605 contingere;
440 3529 505 3587 vide
519 3531 595 3589 Eccl.
608 3550 670 3606 cap.
684 3531 711 3589 3.
723 3550 798 3589 vers.
813 3531 860 3599 19,
872 3532 920 3602 20,
932 3531 979 3587 21.
991 3535 1022 3588 et
1032 3550 1094 3605 cap.
1107 3532 1134 3588 9.
1146 3549 1220 3588 vers.

157 3609 185 3678 2,
201 3610 239 3679 3.,
255 3614 309 3667 etc.
325 3609 456 3685 Denique
471 3610 603 3668 omnibus
616 3611 676 3668 fere
691 3610 846 3685 Prophetis
860 3611 914 3668 hoc
924 3609 1018 3685 ipsum
1028 3610 1113 3668 valde
1123 3612 1221 3668 obscu-

155 3707 219 3746 rum
239 3689 303 3760 fuit,
326 3710 427 3765 nempe
442 3691 584 3765 quomodo
599 3691 668 3748 ordo
682 3689 802 3749 Naturae
817 3695 846 3749 et
860 3689 1006 3748 hominum
1021 3694 1143 3747 eventus
1156 3709 1220 3747 curn

156 3774 305 3844 conceptu,
333 3789 416 3844 quern
444 3769 480 3827 de
505 3769 687 3844 providentia
713 3769 766 3827 Dei
787 3770 993 3840 formaveram,
1014 3773 1133 3845 possent
1152 3789 1221 3827 con·
