2784 4392
479 339 794 378 rflu0n0G1c0·1>0L1r101
815 339 879 378 CAP.
901 339 942 377 VI.
1198 321 1236 379 23

165 506 274 570 scilicet
304 506 465 582 potentiam
496 505 549 565 Dei
580 511 609 564 et
629 507 788 582 potentiam
809 526 904 564 rerum
925 505 1108 576 naturalium,
1131 526 1148 564 a
1169 507 1231 566 Deo

166 592 264 646 tamen
295 592 375 646 certo
405 587 489 645 modo
521 586 751 657 determinatam,
785 587 829 645 vel
852 590 895 654 (ut
915 586 1044 662 plerique
1065 586 1158 662 magis
1178 587 1231 645 ho-

167 666 267 726 dierno
298 672 426 742 tempore
460 666 601 738 sentiunt)
622 664 758 725 creatam.
782 666 857 736 Quid
877 671 974 725 autem
995 686 1047 741 per
1068 671 1230 743 utramque,

166 752 197 806 et
227 746 295 823 quid
328 766 380 823 per
400 748 493 804 Deum
513 751 542 804 et
562 746 705 805 Naturam
724 746 898 821 intelligant,
919 745 1052 806 nesciunt
1072 766 1152 823 sane,
1174 745 1231 806 nisi

166 829 243 903 quod
264 827 318 886 Dei
337 826 497 904 potentiam
517 831 654 901 tanquam
676 826 775 902 Regia
795 826 944 902 cujusdam
965 826 1126 902 majestatis
1139 826 1230 903 impe-
1302 860 1309 871 ·

165 908 250 979 rium,
281 907 401 966 Naturae
431 911 528 965 autem
558 910 698 982 tanquam
729 907 789 965 vim
816 913 845 966 et
865 906 1004 982 impetum
1023 906 1228 982 imaginentur.

167 989 281 1063 Vulgus
306 987 404 1063 itaque
430 1006 520 1062 opera
550 986 669 1046 Naturae
691 987 807 1046 insolita
828 992 914 1045 vocat
933 986 1072 1045 miracula
1092 986 1230 1046 siveDei

166 1088 262 1144 opera,
283 1073 314 1127 et
333 1067 439 1143 partim
460 1087 497 1126 ex
517 1067 680 1139 devotione,
702 1067 809 1142 partim
829 1086 867 1126 ex
887 1066 1044 1142 cupiditate
1055 1067 1231 1126 adversandi

165 1148 210 1220 iis,
240 1147 287 1225 qui
318 1147 454 1207 scientias
474 1148 622 1206 naturales
641 1148 750 1220 colunt,
772 1166 866 1206 rerum
888 1167 991 1205 causas
1011 1148 1159 1206 naturales
1182 1167 1231 1206 ne·

166 1228 240 1288 scire
270 1227 359 1304 cupit,
390 1232 420 1286 et
446 1247 481 1286 ea
501 1232 615 1286 tantum
635 1228 736 1287 audire
757 1228 854 1303 gestit,
876 1247 940 1303 quae
960 1227 1084 1285 maxime
1104 1227 1230 1302 ignorat,

167 1328 290 1385 quaque
310 1312 464 1384 propterea
484 1308 608 1367 maxime
629 1308 798 1367 admiratur.
820 1306 969 1377 Videlicet,
991 1307 1060 1382 quia
1080 1308 1159 1367 nulla
1174 1308 1231 1366 alia

166 1389 288 1460 ratione,
320 1388 375 1447 nisi
406 1408 508 1447 causas
538 1389 686 1447 naturales
717 1388 852 1458 tollendo,
883 1407 986 1463 resque
1007 1393 1092 1446 extra
1111 1387 1230 1446 Natura

166 1469 296 1528 ordinem
316 1468 510 1544 imaginando,
530 1469 625 1527 Deum
642 1469 773 1540 adorare,
788 1467 939 1543 omniaque
953 1468 991 1526 ad
1005 1467 1067 1543 ejus
1079 1467 1231 1544 imperium

166 1554 198 1607 et
216 1551 396 1608 voluntatem
415 1549 524 1607 referre
544 1553 649 1624 potest,
671 1568 725 1607 nec
745 1548 799 1607 Dei
819 1548 979 1624 potentiam
999 1547 1092 1623 magis
1110 1548 1231 1607 admira·

166 1634 224 1700 tur,
245 1628 302 1688 nisi
322 1629 390 1688 dum
409 1628 569 1705 potentiam
590 1628 711 1687 Naturae
732 1649 750 1688 a
772 1630 833 1687 Deo
855 1628 935 1703 quasi
957 1630 1106 1687 subactam
1126 1627 1229 1702 imagi·

165 1713 262 1769 natur.
284 1708 366 1780 Quod
387 1708 501 1784 quidem
521 1708 662 1784 originem
682 1708 800 1767 duxisse
821 1708 936 1767 videtur
956 1728 975 1765 a
994 1706 1095 1784 primis
1108 1708 1230 1779 Judaeis,

166 1789 227 1865 qui,
257 1794 291 1848 ut
320 1790 460 1848 Ethnicos
490 1789 535 1847 sui
565 1788 712 1865 temporis,
744 1788 793 1864 qui
812 1790 889 1847 Deos
911 1787 1038 1846 visibiles
1058 1788 1229 1860 adorabant,

165 1869 300 1928 videlicet
324 1868 426 1938 Solem,
447 1870 569 1939 Lunam,
590 1870 719 1940 Terram,
741 1871 865 1944 Aquam,
887 1870 1002 1939 Aerem,
1023 1873 1088 1937 eta,
1110 1868 1230 1927 convin-

165 1954 273 2019 cerent,
293 1948 387 2025 iisque
406 1950 601 2021 ostenderent,
623 1950 700 2008 Deos
719 1948 784 2007 illos
803 1948 959 2007 imbecilles
979 1953 1009 2006 et
1022 1947 1230 2018 inconstantes,

166 2028 228 2088 sive
248 2029 410 2101 mutabiles,
432 2034 463 2087 et
482 2031 536 2088 sub
556 2028 675 2104 imperio
697 2028 752 2087 Dei
770 2028 922 2087 invisibilis
937 2048 1008 2096 esse,
1024 2028 1162 2100 miracula
1178 2048 1232 2087 sua

166 2111 334 2180 narrabant,
366 2109 470 2185 quibus
500 2109 618 2185 insuper
645 2111 826 2167 conabantur
846 2109 1005 2179 ostendere,
1027 2112 1118 2167 totam
1140 2108 1231 2168 Natu·

165 2209 229 2248 ram
260 2209 298 2248 ex
331 2189 394 2261 Dei,
415 2208 500 2264 quem
520 2190 689 2259 adorabant,
711 2188 831 2265 imperio
851 2187 882 2247 in
902 2208 1001 2247 eorum
1021 2191 1136 2247 tantum
1157 2209 1231 2247 com·

165 2271 281 2328 modum
299 2268 397 2344 dirigi;
409 2270 485 2344 quod
495 2269 610 2345 quidem
620 2268 784 2328 hominibus
795 2269 865 2328 adeo
875 2268 983 2339 arrisit,
995 2267 1069 2327 utin
1080 2269 1232 2345 hocusque

165 2354 280 2425 tempus
290 2349 428 2411 miracula
438 2350 549 2425 fingere
556 2369 615 2408 non
626 2349 813 2420 cessaverint,
825 2353 858 2407 ut
867 2348 923 2425 ipsi
933 2350 994 2407 Deo
1001 2348 1231 2408 dilectioresreli·

168 2429 240 2505 quis,
254 2447 397 2506 causaque
407 2429 511 2502 finalis,
522 2434 640 2506 propter
650 2449 737 2505 quam
745 2430 826 2488 Deus
835 2429 932 2487 omnia
940 2428 1052 2488 creavit
1058 2433 1088 2488 et
1094 2430 1231 2488 continuo

166 2508 274 2585 dirigit,
291 2511 485 2569 crederentur.
505 2509 580 2580 Quid
593 2509 649 2568 sibi
659 2509 741 2584 vulgi
751 2509 876 2569 stultitia
885 2513 1079 2585 nonarrogat,
1092 2510 1167 2585 quod
1178 2529 1232 2568 nec

167 2590 203 2653 de
222 2591 292 2661 Deo,
314 2609 367 2649 nec
387 2590 423 2648 de
440 2590 553 2648 Natura
572 2590 661 2648 ullum
675 2609 777 2649 sanum
790 2591 879 2648 habet
892 2596 1072 2664 conceptum,
1087 2590 1163 2664 quod
1177 2589 1233 2648 Dei

166 2669 274 2746 placita
288 2689 353 2728 cum
367 2669 512 2728 bantinum
527 2669 641 2745 placitis
654 2669 813 2740 confundit,
828 2674 858 2728 et
871 2670 947 2745 quod
958 2669 1081 2745 denique
1090 2669 1231 2728 Naturam

167 2751 239 2809 adeo
259 2749 412 2808 limitatam
432 2749 526 2825 fingit,
547 2755 581 2808 ut
601 2751 746 2808 hominem
767 2750 829 2825 ejus
848 2749 1022 2826 praecipuam
1043 2754 1155 2825 partem
1167 2770 1231 2809 esso

166 2831 275 2889 credat.
298 2830 353 2888 His
371 2830 453 2905 vulgi
473 2831 509 2889 de
529 2830 641 2889 Natura
654 2835 685 2889 et
698 2829 843 2888 miraculis
856 2829 1005 2906 opiniones
1018 2834 1049 2888 et
1061 2829 1230 2905 praejudicia

166 2910 238 2968 satis
258 2910 370 2985 prolixe
390 2910 543 2981 enarravi;
565 2915 703 2978 attamen,
724 2914 838 2968 utrem
859 2909 959 2968 ordine
980 2909 1123 2975 edoceam,
1136 2914 1230 2967 osten·

167 2991 243 3063 dam,
276 2992 300 3049 I.
324 2990 396 3048 nihil
416 2995 517 3049 contra
537 2990 678 3049 Naturam
700 2989 876 3064 contingere,
898 2989 948 3048 sed
968 2988 1060 3064 ipsam
1080 2994 1229 3062 aeternum,

166 3071 266 3138 fixum,
299 3075 329 3128 et
358 3069 564 3129 immutabilem
596 3070 726 3131 ordinem
757 3088 882 3140 servare,
914 3074 944 3128 et
974 3069 1067 3140 simul,
1089 3069 1157 3144 quid
1178 3088 1232 3145 per

166 3150 336 3209 miraculum
355 3150 575 3225 intelligendum
595 3151 648 3218 sit;
671 3150 712 3208 ΙΙ.
733 3169 787 3208 nos
800 3168 838 3208 ex
850 3148 996 3208 miraculis
1009 3169 1062 3208 nec
1076 3149 1232 3208 wantiam

166 3250 237 3296 nec.
252 3229 444 3300 existentiam,
477 3236 506 3289 et
538 3235 748 3306 consequenter
768 3249 821 3288 nec
841 3229 1051 3306 providentiam
1073 3228 1127 3288 Dei
1146 3248 1234 3305 posse

166 3329 350 3385 cognoscere,
382 3311 432 3368 sed
462 3312 525 3369 haec
556 3310 652 3369 omnia
682 3310 769 3384 louge
800 3309 900 3368 melius
927 3309 1036 3386 percipi
1063 3329 1100 3369 ex
1120 3310 1179 3368 fixo
1201 3313 1235 3367 et

166 3389 338 3449 immutabili
368 3389 487 3449 Naturae
515 3390 624 3449 ordine.
653 3390 708 3449 ΙΙΙ.
730 3409 764 3448 ex
786 3390 896 3466 aliquot
916 3389 1071 3464 Scriptura
1092 3388 1233 3465 exemplis

167 3470 327 3539 ostendam,
359 3470 451 3545 ipsam
483 3470 661 3546 Scripturam
686 3489 738 3545 per
759 3469 811 3528 Dei
832 3471 949 3528 decreta
968 3475 1000 3527 et
1017 3470 1179 3540 volitiones,
1201 3472 1237 3527 et.

166 3554 377 3625 consequenter
405 3550 625 3625 providentiam,
647 3550 718 3609 nihil
740 3550 816 3609 aliud
838 3549 1008 3623 intelligere,
1032 3570 1117 3625 quam
1137 3549 1234 3624 ipsum

166 3630 287 3689 Naturae
320 3630 457 3699 ordinem,
490 3630 538 3706 qui
569 3651 606 3689 ex
637 3631 700 3705 ejus
731 3629 848 3688 aeternis
874 3630 987 3704 legibus
1007 3629 1169 3688 necessario
1190 3648 1237 3687 se*

166 3709 274 3786 quitur.
297 3710 349 3768 IV.
371 3709 502 3786 Denique
523 3712 558 3769 de
580 3712 662 3768 modo
683 3711 823 3769 miracula
844 3709 999 3785 Scripturas
1012 3708 1236 3785 interpretandi,

128 3841 131 3846 .
167 3794 197 3849 et
230 3789 265 3847 de
291 3789 336 3861 iis,
365 3811 429 3866 quae
449 3790 594 3866 praecipue
615 3791 691 3849 circa
712 3790 914 3849 miraculorum
936 3790 1117 3848 narrationes
1137 3789 1232 3848 notari
