2784 4392
429 326 748 365 THEOLOGIGO·POLITICI
769 326 833 365 GAP.
855 327 906 365 Vll.
1152 309 1191 366 49

117 500 148 554 et
179 495 298 553 tandem
328 493 422 568 igneis
451 493 533 568 equis
562 498 592 551 et
625 513 712 553 curru
733 494 837 552 coelum
857 493 950 569 petiit.
974 495 1040 563 Hae,
1061 493 1190 569 inquam,

117 574 281 634 consimiles
301 575 386 650 plane
408 573 536 632 historiae
557 579 634 645 sunt,
656 579 787 631 attamen
800 574 886 649 longe
900 574 1036 632 dissimile
1048 574 1190 649 judicium

107 657 153 714 de
174 674 347 730 unaquaque
368 653 626 728 facimuszuempc
645 653 770 729 primum
791 675 849 712 nou
870 654 925 712 nisi
946 673 1041 729 nugas
1062 654 1189 713 seribere

117 735 252 806 voluisse,
274 735 431 793 secundum
452 738 548 792 autem
569 753 616 792 res
636 734 776 810 politicas
798 733 915 792 tertium
936 734 1057 809 denique
1071 754 1188 804 sacras3

117 816 229 891 hocque
260 815 339 873 nulla
370 814 427 873 3113
458 815 494 872 (13
514 834 601 872 33333
621 814 705 872 nobis
724 815 939 889 persuademus,
961 834 1046 889 quam
1067 819 1187 889 propter

117 896 275 972 opiniones,
297 914 368 970 quas
390 895 425 952 de
445 914 544 953 earum
565 894 754 969 scriptoribus
775 895 922 953 habemus.
944 894 1065 953 Constat
1079 894 1187 969 itaque,

117 976 253 1034 notitiam
285 976 448 1045 authorum,
471 974 586 1049 quires
607 978 745 1033 obscuras
767 979 818 1034 331
838 974 987 1033 1313113313
1008 974 1191 1049 impercepti-

116 1056 188 1114 biles
220 1055 407 1130 scripserunt,
439 1054 568 1131 apprime
599 1054 791 1113 necessariam
818 1075 890 1123 esse,
912 1054 936 1112 si
956 1074 1056 1113 eorum
1078 1055 1187 1129 scripta

115 1136 303 1211 interpretari
334 1136 481 1205 volumus;
512 1134 613 1193 iisdem
644 1135 731 1193 etiam
763 1136 798 1192 de
829 1135 931 1200 causis,
964 1140 997 1193 ut
1027 1154 1065 1192 ex
1095 1134 1186 1192 variis

53 1252 81 1274 ,·
116 1213 304 1274 obscurarum
341 1215 526 1274 historiarum
560 1214 731 1273 lectionibus
764 1234 850 1273 veras
884 1215 992 1289 eligere
1027 1234 1185 1289 possemus,

115 1316 233 1355 necesse
265 1301 309 1354 cst
339 1295 421 1366 scire,
452 1295 483 1353 in
514 1315 634 1370 quorum
666 1294 825 1371 exemplari
856 1294 943 1352 variae
977 1295 1023 1352 hae
1049 1293 1188 1352 lectiones

115 1381 241 1452 repertae
272 1376 341 1446 3131,
363 1381 451 1435 3133
471 1376 647 1450 333313333
668 1374 733 1433 3113
755 1375 832 1451 apud
854 1375 926 1433 31133
946 1374 1066 1450 majoris
1088 1375 1190 1434 autho-

92 1481 98 1488 ’
115 1457 213 1515 1113113
233 1456 311 1515 viros
332 1475 457 1531 unquam
478 1456 586 1514 fuerint
606 1455 744 1513 inventae.

156 1537 224 1594 Α113
255 1536 376 1611 (1331333
407 1536 561 1594 difficultas
591 1536 730 1610 quosdam
762 1535 851 1593 libros
883 1534 1040 1610 Scripturas
1072 1554 1109 1592 ex
1134 1535 1189 1592 hac

115 1618 251 1676 methodo
281 1616 493 1692 interpretandi
524 1616 554 1673 in
578 1624 686 1687 33331,
709 1616 785 1690 quod
808 1635 858 1673 eos
879 1615 980 1673 eadem
1000 1615 1110 1689 lingua,
1132 1634 1189 1689 333

116 1697 241 1773 primum
262 1697 361 1772 scripti
381 1697 509 1764 fuerunt,
531 1715 590 1754 non
608 1696 777 1754 habeamus.
792 1694 983 1769 Evangelium
998 1695 1074 1753 enim
1089 1714 1189 1752 secun·

117 1779 184 1836 dum
215 1778 398 1847 Matthaeum,
430 1781 460 1834 31
490 1776 552 1835 3133
583 1776 670 1835 dubio
702 1775 789 1834 etiam
820 1775 950 1850 Epistola
978 1776 1014 1833 ad
1037 1776 1187 1845 Hebraeos

92 1857 262 1916 -llebraice
293 1877 331 1915 ex
362 1856 504 1915 communi
536 1855 670 1932 opinione
695 1855 804 1931 scripta
824 1860 901 1927 sunt,
924 1875 989 1930 quae
1010 1859 1108 1913 tamen
1130 1874 1189 1912 uon

117 1942 230 1996 extant.
263 1939 306 1995 De
337 1937 411 1996 libro
442 1942 539 1996 autem
569 1935 637 1994 Jobi
668 1935 826 2007 dubitatur,
861 1955 918 2012 qua
941 1935 1042 2010 lingua
1062 1934 1188 2013 scriptus

116 2017 214 2076 fuerit.
240 2019 324 2076 Aben
345 2017 442 2076 Hezra
461 2016 492 2075 13
514 2016 573 2075 3313
594 2016 808 2075 commentariis
829 2016 963 2085 affirmat,
986 2035 1051 2073 eum
1072 2035 1109 2073 ex
1132 2014 1188 2073 alia

115 2099 219 2173 lingua
237 2097 269 2155 in
289 2097 445 2156 Hebraeam
465 2097 640 2156 translatum
659 2096 758 2166 fuisse,
779 2097 905 2154 3111333
926 2115 989 2154 3333
1011 2096 1073 2170 ejus
1089 2098 1189 2153 obscu-

116 2178 213 2237 ritatis
244 2197 369 2236 causam.
401 2179 445 2235 De
470 2176 550 2235 libris
571 2177 747 2252 apocryphis
768 2174 839 2233 nihil
860 2175 932 2239 dico.
955 2175 1186 2250 quandoquidem

115 2259 202 2333 longe
240 2257 385 2316 dissimilis
418 2262 487 2316 3331
521 2256 717 2316 authoritatis.
753 2257 849 2330 Atque
884 2256 930 2313 hae
966 2275 1064 2312 omnes
1098 2255 1186 2330 hujus

116 2338 244 2396 methodi
274 2337 483 2412 interpretandi
508 2337 686 2413 Scripturam
708 2356 745 2394 ex
764 2335 863 2411 ipsius,
886 2355 972 2410 quam
993 2336 1100 2393 habere
1121 2354 1185 2410 pos·

116 2439 223 2488 sumus,
254 2417 377 2476 historia
408 2417 591 2475 difficultates
621 2421 698 2486 3331,
731 2436 804 2492 quas
835 2436 971 2474 enarrare
992 2434 1183 2490 susceperam,

116 2517 245 2574 quasque
275 2518 330 2573 ego
351 2498 422 2556 adeo
443 2517 565 2572 magnas
585 2497 728 2569 existimo,
749 2500 783 2554 ut
803 2497 947 2554 affirmare
968 2516 1025 2553 non
1047 2495 1184 2561 dubitem,

117 2598 170 2637 nos
190 2598 292 2637 verum
313 2578 468 2653 Scripturae
490 2597 602 2635 sensum
625 2576 756 2653 plurimis
776 2576 807 2634 in
828 2575 898 2634 13313
919 2575 966 2634 331
980 2576 1126 2650 ignorare,
1142 2575 1189 2632 331

116 2659 179 2716 3133
210 2657 383 2717 certitudine
413 2657 559 2716 hariolari.
584 2658 692 2715 Verum
714 2656 862 2714 enimvero
884 2657 939 2714 hoe
960 2655 1065 2714 iterum
1087 2659 1189 2713 contra

117 2739 277 2797 notandum
297 2737 386 2809 venit,
409 2738 462 2797 has
483 2757 582 2795 omues
602 2737 788 2795 difficultates
807 2736 946 2811 impedire
965 2741 1079 2793 tantum
1094 2754 1188 2809 possa,

117 2818 270 2893 quominus
300 2823 426 2876 mentem
457 2818 668 2893 Prophetarum
701 2836 889 2891 assequamur
920 2815 997 2873 cirea
1018 2835 1065 2873 res
1086 2815 1189 2889 imper·

117 2899 275 2974 reptibiles
307 2902 338 2956 31
368 2917 440 2973 3333
470 2902 585 2956 tantum
613 2896 778 2971 imaginari,
807 2902 917 2954 atnon
939 2895 1093 2964 circense,
1116 2913 1189 2969 quas

117 2985 147 3036 et
166 2978 317 3036 intellectu
337 2977 452 3053 assequi
473 2982 502 3035 31
523 2997 643 3052 quarum
665 2978 775 3035 clarum
795 2995 947 3051 possumus
965 2974 1049 3033 facile
1063 2975 1189 3032 formare

117 3063 288 3134 conceptum
302 3062 333 3115 *z
365 3078 412 3116 res
443 3057 528 3128 euim,
561 3077 625 3132 quae
657 3077 710 3115 333
741 3060 847 3114 natura
876 3055 960 3114 133113
981 3054 1188 3130 percipiuntur,

117 3158 266 3214 nunquam
296 3143 357 3196 tam
388 3140 508 3196 obscure
540 3137 595 3195 dici
624 3141 755 3212 possunt,
781 3135 852 3212 3313
872 3135 956 3194 133113
977 3135 1188 3209 intelligantur,

115 3218 201 3293 juxta
221 3218 291 3278 illud
311 3217 504 3292 proverbium,
526 3219 690 3293 intelliqcuti
712 3219 884 3274 dictitasset
905 3223 953 3274 est.
975 3215 1118 3285 Euclides,
1141 3213 1190 3289 331

118 3318 176 3357 333
197 3298 254 3356 3131
273 3317 320 3356 res
341 3298 493 3357 admodum
512 3297 656 3373 simplices
670 3302 700 3355 et
714 3295 839 3354 maxime
853 3295 1050 3370 intelligibiles
1064 3295 1188 3369 scripsit,

116 3379 201 3437 133113
223 3381 259 3437 ab
281 3398 453 3454 unoquoque
473 3378 502 3435 13
525 3377 629 3454 333313
649 3376 750 3452 lingua
771 3375 947 3452 explicatum
970 3395 1028 3434 non
1050 3374 1135 3445 enim,
1157 3378 1190 3431 ut

117 3459 180 3534 ejus
213 3462 339 3517 mentem
371 3477 566 3533 assequamur,
599 3463 628 3516 et
655 3458 691 3515 de
712 3476 782 3515 vero
803 3456 867 3532 ejus
888 3475 975 3514 sensu
998 3454 1189 3521 centisimus

117 3558 190 3614 opus
222 3544 267 3597 331
297 3538 442 3613 integram
473 3537 590 3613 liuguae,
624 3557 681 3612 qua
702 3536 826 3612 scripsit,
854 3535 1050 3611 cognitionem
1072 3535 1189 3602 habere,

117 3619 168 3677 sed
189 3623 304 3677 tantum
324 3619 476 3677 admodum
497 3637 675 3677 communem
696 3622 726 3675 31
746 3617 806 3675 fere
826 3616 986 3692 puerilem;
1008 3635 1066 3673 non
1089 3614 1189 3683 vitam,

151 3797 162 3816 ⁴
172 3796 211 3842 cf.
227 3796 322 3842 Annot.
338 3795 407 3841 VIII.

160 3876 200 3934 Il.
