2784 4392
418 340 733 380 mmmmm-Pomm
755 340 819 380 cAP.
842 341 906 381 VIII.
1160 324 1198 381 57

131 511 202 569 dum
234 509 340 567 diserte
371 508 401 567 in
425 510 486 567 solo
507 509 616 568 ambitu
637 508 723 568 unius
743 529 802 567 arae
824 509 903 581 (vide
925 510 1043 569 Deuter.
1065 530 1127 586 cap.
1150 513 1197 570 27.
1245 580 1251 583 ¹

130 595 162 649 et
182 593 281 648 Jcsuae
302 609 364 664 cap.
386 590 404 647 8
435 609 511 648 vers.
535 591 583 648 37.
604 592 681 663 etc),
703 609 768 664 quse
791 609 827 647 ex
847 589 1044 647 Rabbinorum
1058 591 1199 650 relatione

129 669 281 729 duodecim
301 674 415 728 tantum
435 669 578 745 lapidibus
598 671 766 740 constabat3
789 689 826 727 ex
848 689 905 744 quo
930 669 1068 744 sequitur,
1084 672 1197 742 librum,

129 750 222 809 Mosis
245 750 332 823 longe
352 749 470 809 minoris
490 750 578 809 fuisse
599 750 682 808 molis
703 769 788 824 quarn
810 749 1039 809 Pentateuchon.
1062 752 1134 822 Hoc,
1156 752 1198 810 in-

129 849 228 907 quam,
260 834 330 906 puto
358 831 508 889 authorem
530 831 607 888 hunc
627 829 791 904 significare
812 829 939 888 voluisse
960 850 1012 905 per
1032 835 1198 907 mysterium

129 913 297 981 duodecim
319 910 375 968 nisi
394 912 470 968 forte
490 910 634 968 intellexit
654 909 803 968 duodecim
817 909 882 967 illas
896 909 1120 981 maledictiones,
1133 932 1196 987 quse

129 991 162 1049 in
193 990 330 1066 praedicto
362 1010 426 1066 cap.
456 991 542 1049 Deut.
573 991 727 1059 habentur,
760 1009 832 1064 quas
861 990 984 1048 fortasse
998 990 1120 1049 credidit
1139 1012 1198 1050 non

129 1071 220 1129 fuisse
251 1070 282 1128 in
312 1069 385 1128 libro
416 1071 489 1145 legis
521 1070 689 1146 descriptae,
711 1070 798 1144 idque
818 1075 980 1145 propterea,
1002 1071 1079 1147 quod
1099 1073 1216 1131 Moses.

128 1155 237 1228 praeter
268 1150 488 1226 descriptionem
508 1151 582 1225 legis
603 1150 721 1210 Levites
740 1149 858 1224 insuper
878 1149 1001 1208 recitare
1021 1151 1085 1210 illas
1105 1152 1193 1210 male·

129 1231 270 1290 dictiones
288 1231 379 1306 jubet,
402 1235 434 1289 ut
453 1231 589 1306 populum
608 1230 797 1306 jurejurando
818 1230 854 1288 ad
875 1231 955 1304 leges
976 1231 1135 1307 descriptas
1147 1235 1194 1291 ob·

127 1312 305 1370 servandum
326 1310 550 1385 adstringerent.
572 1311 626 1369 Vel
647 1311 723 1369 forte
736 1309 870 1368 ultimum
882 1311 1195 1385 caputDeuteronomii
1268 1376 1271 1381 ,

128 1393 166 1450 de
197 1396 289 1449 morte
309 1390 400 1449 Mcsis
420 1391 583 1466 significare
604 1391 705 1463 voluit,
728 1391 805 1465 quod
826 1395 913 1465 caput
933 1391 1081 1449 duedecim
1101 1392 1194 1450 versi·

127 1473 186 1531 bus
216 1476 339 1530 constat.
372 1470 427 1530 Sed
458 1472 529 1541 haec,
558 1475 587 1530 et
608 1491 671 1546 quae
692 1475 835 1546 praeterea
856 1470 905 1528 alii
925 1471 1114 1543 hariolantur,
1136 1492 1194 1530 non

126 1557 176 1610 est
207 1571 279 1627 opus
309 1550 450 1610 curiosius
479 1551 526 1609 hic
557 1551 734 1609 examinare.
762 1550 852 1608 Notat
878 1550 981 1609 deinde
1001 1552 1068 1619 111,
1089 1552 1146 1609 dici
1164 1553 1195 1610 in

130 1633 249 1690 Denter.
272 1651 334 1707 cap.
356 1632 403 1690 31.
426 1651 501 1689 vers.
524 1633 552 1690 9,
572 1633 672 1690 r‘l'lll'l'l
692 1632 741 1689 nu
761 1633 836 1689 nte
857 1632 951 1687 mli
973 1640 997 1688 et
1011 1635 1194 1707 cortpsitMo·

126 1731 174 1771 ses
203 1714 303 1788 lcpem;
325 1731 388 1786 quae
410 1711 524 1787 quidem
545 1714 635 1770 verba
655 1732 715 1771 non
734 1717 856 1788 possunt
876 1731 939 1770 esse
960 1712 1058 1780 Mcsis,
1080 1713 1131 1770 sed
1152 1714 1194 1770 nl·

128 1791 223 1850 terius
252 1791 410 1867 scriptume,
441 1791 532 1850 Mcsis
561 1792 640 1850 facta
670 1797 701 1850 et
727 1792 835 1868 scripta
855 1791 1010 1850 narrantis.
1031 1792 1121 1851 Notat
1141 1794 1193 1850 lv.

130 1873 225 1930 locum
246 1871 351 1930 Genes.
372 1891 436 1947 cap.
460 1873 507 1930 12,
528 1891 595 1930 vers
616 1872 654 1942 6.,
676 1873 726 1945 ubi
745 1873 899 1942 narrando,
921 1873 997 1947 quod
1010 1872 1196 1932 Abrahamus

128 1958 240 2010 terram
259 1952 511 2010 Kanahanitarum
531 1952 683 2022 lustrabat,
707 1953 787 2011 addit
807 1952 977 2022 Historiam,
1000 1953 1075 2027 quod
1090 1954 1194 2012 Isana-

127 2034 234 2091 hum'tc
254 2039 314 2090 tum
335 2035 471 2107 tempcrr's
490 2040 552 2090 erat
572 2035 604 2090 m
624 2034 676 2090 illc
696 2041 791 2102 terra3
814 2032 916 2107 quibus
931 2037 1053 2107 tempus,
1066 2034 1195 2107 quchaec

127 2112 255 2188 scripsit,
287 2113 364 2170 clare
394 2111 525 2170 secludit.
555 2112 693 2187 Adeoque
724 2119 790 2188 post
819 2116 940 2170 mortem
960 2112 1058 2185 Mosis,
1080 2118 1193 2170 etcum

130 2191 326 2251 Kanehanitae
357 2192 416 2269 jam
445 2197 529 2250 erant
547 2192 678 2267 expulsi,
699 2193 820 2269 illasque
840 2192 973 2266 regiones
994 2211 1052 2250 non
1073 2193 1194 2267 amplius

129 2272 326 2349 possidebant,
358 2273 419 2331 haec
450 2273 611 2330 debuerunt
641 2273 744 2343 scribi3
775 2273 850 2348 quod
880 2272 956 2330 idem
986 2274 1071 2330 Aben
1099 2274 1195 2331 Hezra

129 2373 218 2429 super
249 2353 326 2411 hunc
352 2352 445 2410 locum
472 2353 691 2411 commentando
719 2353 805 2411 etiam
830 2352 877 2410 his
903 2352 1057 2427 significat,
1083 2354 1195 2418 ’3913711

127 2458 220 2564 lim
240 2475 269 2557 p
290 2473 361 2532 ors
381 2474 437 2530 nm
457 2474 525 2530 ms
546 2474 600 2529 m
626 2475 723 2533 neno
749 2475 813 2556 pn
838 2475 933 2556 ruer
959 2475 1023 2557 pm
1049 2475 1134 2556 rusi
1161 2476 1195 2532 s·

127 2581 193 2637 um
213 2566 346 2639 ‘l'm'li
367 2583 418 2639 un
439 2589 464 2640 et
484 2582 675 2640 Kanelacm'ta
696 2589 757 2640 turn
779 2589 842 2640 crat
863 2584 893 2639 in
907 2583 957 2639 illo
973 2589 1064 2639 terra:
1084 2583 1195 2640 ridetur

129 2663 207 2737 quod
227 2662 376 2719 Kranaion
396 2681 486 2738 nepos
505 2658 575 2720 Noae
589 2669 699 2720 terram
712 2663 908 2720 Konolmm'toe
922 2662 958 2719 ab
972 2662 1030 2719 alio
1035 2681 1194 2737 possessam

130 2744 221 2816 repat,-
242 2742 318 2815 qood
338 2744 364 2799 si
383 2761 439 2800 noo
460 2762 557 2800 oerum
578 2750 625 2811 est,
647 2746 718 2800 inest
737 2744 803 2800 lmic
818 2745 860 2800 rei
874 2744 1047 2818 mysterium,
1063 2750 1087 2799 et
1101 2744 1195 2817 quiid

132 2823 273 2897 Intellipit,
294 2829 394 2880 taceat.
415 2822 479 2880 Hoc
499 2827 552 2892 est,
574 2822 600 2880 si
619 2823 763 2880 Kanahan
784 2821 917 2897 regiones
930 2821 995 2878 illas
1005 2821 1121 2888 invasit,
1133 2827 1194 2879 tum

131 2921 236 2959 sensus
256 2901 320 2970 erit,
342 2903 565 2960 Kanotanitam
578 2905 647 2977 jam
668 2911 729 2961 tum
751 2904 842 2975 fuisse
864 2905 896 2959 iu
919 2903 968 2959 illa
991 2909 1078 2970 terre,
1100 2901 1194 2958 exclu-

131 2982 228 3040 dendo
255 2981 364 3040 scilicet
390 2986 504 3057 tempus
524 2981 711 3057 praeteritum,
733 3002 791 3059 quo
813 2984 849 3040 ab
870 2982 927 3039 alia
947 2980 1064 3039 natione
1084 2980 1193 3039 inhabi-

132 3063 261 3120 tabatur.
283 3062 325 3119 At
345 3060 369 3119 si
388 3062 531 3120 Kanahan
553 3062 686 3137 regiones
706 3061 771 3120 illas
791 3061 900 3137 primus
920 3060 1009 3120 coluit
1022 3061 1066 3136 (ut
1079 3081 1115 3119 ex
1131 3081 1192 3136 cap.

135 3145 183 3201 10.
215 3140 320 3200 Genes
351 3141 501 3215 sequitur),
532 3147 595 3200 tum
616 3144 727 3200 Textus
747 3146 860 3217 tempus
880 3161 1018 3217 praesens,
1041 3141 1194 3217 Scriptoris

131 3222 252 3292 scilicet,
283 3221 418 3293 secludit;
451 3224 580 3298 adeoque
611 3242 668 3280 non
689 3221 788 3293 Mcsis,
810 3222 892 3297 cujus
912 3220 1045 3279 nimirum
1066 3227 1194 3296 tempore

132 3302 291 3361 etiamdum
312 3301 376 3360 illas
396 3302 530 3377 regiones
550 3303 751 3378 possidebant;
766 3306 795 3360 et
809 3303 864 3360 hoc
874 3306 918 3360 est
929 3302 1106 3376 mysterium,
1119 3303 1193 3376 quod

132 3383 288 3441 tacendum
309 3384 497 3442 commendat.
520 3383 555 3441 V.
577 3387 669 3453 notat,
690 3383 766 3458 quod
787 3381 891 3441 Genes.
914 3401 976 3456 cap.
992 3383 1039 3439 22.
1055 3401 1129 3439 vers.
1148 3383 1192 3440 14.

134 3466 253 3521 vocetur
272 3481 355 3520 mons
375 3463 505 3538 Motya*
526 3483 609 3522 mons
629 3462 695 3534 Dei3
718 3463 794 3538 quod
816 3461 930 3538 quidem
951 3482 1055 3520 nomen
1073 3482 1130 3520 non
1144 3462 1193 3520 ha·

132 3542 204 3614 buit,
236 3541 292 3600 nisi
322 3549 473 3618 postquam
506 3542 689 3601 {edificationi
719 3542 818 3618 templi
848 3542 960 3601 dicatus
986 3541 1056 3611 fuit3
1078 3546 1109 3599 at
1131 3541 1194 3599 haec

132 3622 239 3681 montis
270 3622 371 3680 electio
402 3623 527 3682 nondum
549 3628 613 3681 erat
632 3629 762 3699 tempore
783 3622 872 3681 Masis
892 3624 978 3690 facta,
1002 3623 1096 3679 Moses
1117 3621 1192 3679 enim

161 3818 172 3839 ⁶
189 3819 226 3865 cf.
244 3820 337 3865 Armet.
354 3820 395 3865 IX.
