2784 4392
478 346 480 350 ’
553 342 692 381 EPISTOLA
713 343 818 381 Lxxlll.

405 517 429 574 Ε
441 536 458 574 Ρ
469 537 480 575 1
491 536 506 576 s
517 537 533 575 Τ
544 537 561 575 0
573 537 590 575 L
601 539 621 576 A
653 518 780 576 LXXIII
802 520 879 591 (curu
896 519 953 592 xx1)

426 640 494 700 Viro
516 643 700 700 Nobili-asima
720 661 755 700 cc
775 643 946 700 Doctiaaimc

356 742 588 825 6116166
621 765 1002 825 61111616616

614 892 647 950 Β.
670 911 698 949 u.
721 891 751 950 S.

414 1015 569 1090 Responsio
590 1016 629 1072 ad
649 1015 810 1089 Epistulam
831 1015 945 1072 LXXI.

173 1136 290 1182 Alterum
308 1136 460 1196 exemplum,
475 1137 545 1195 quod
562 1137 594 1182 ab
610 1136 794 1194 Oldenburgm,
812 1139 841 1182 ut
856 1137 967 1194 videtur,
983 1136 1131 1182 obtinuerat
1142 1136 1217 1182 Leib-

141 1199 232 1308 pratripp,
256 1200 283 1244 11
305 1199 383 1258 hujus
399 1196 527 1258 Operibus
543 1199 639 1246 Philas.
657 1199 712 1255 (ad,
729 1200 750 1246 1.
768 1198 853 1244 Berlin
872 1200 950 1254 1875.)
968 1199 1050 1245 edidit
1067 1199 1093 1246 (l.
1110 1200 1134 1245 J.
1152 1199 1215 1245 Ger-

265 1370 445 1428 Nobilisaime
465 1370 595 1440 Domine,

183 1503 344 1561 Perbreves
374 1505 440 1560 tuas
470 1502 578 1572 literas,
614 1502 662 1561 15.
693 1500 768 1560 Nou.
791 1502 894 1559 adme
915 1502 1007 1572 datae,
1030 1501 1076 1560 dic
1098 1502 1216 1560 Saturni

142 1583 228 1641 modo
243 1585 259 1618 '⁸
290 1583 388 1657 elapsa
419 1582 531 1657 accepi:
563 1582 594 1640 11
626 1581 1215 1656 1166616111111161161111666,111611

141 1663 283 1720 Tractatu
317 1662 624 1737 Theologicc·Politico
665 1682 780 1721 crucem
822 1661 978 1721 lectoribus
1009 1663 1108 1720 fixere.
1144 1662 1215 1720 Cum

141 1747 242 1800 tamen
272 1762 310 1799 ex
336 1741 372 1800 116
392 1742 479 1801 etiam
500 1761 673 1817 cognoscere
694 1742 881 1818 speraverim,
904 1761 1037 1818 quaenam
1059 1761 1100 1799 eae
1122 1740 1214 1817 opini-

142 1841 214 1880 ones
235 1827 339 1897 essent,
362 1842 426 1897 quae
445 1822 589 1897 religiosae
601 1822 720 1881 virtutis
730 1823 836 1898 praxiu
848 1823 1023 1881 labefactare
1034 1822 1214 1892 viderentur,

141 1902 178 1959 de
210 1902 314 1978 quihus
344 1907 431 1961 antea
460 1921 622 1961 monueras.
655 1904 719 1973 Sed,
753 1907 786 1960 ut
813 1904 848 1961 de
869 1903 962 1960 tribus
982 1902 1040 1959 illis
1061 1901 1213 1977 capitibus,

142 2001 208 2057 quae
240 1987 333 2047 notas,
364 1986 488 2040 mentem
519 2002 611 2040 meam
643 1982 696 2040 tibi
727 1982 863 2057 aperiam,
893 1982 966 2052 dico,
988 1987 1017 2040 et
1039 1981 1153 2056 quidem
1175 1982 1212 2039 ad

141 2062 275 2137 primum,
306 2082 352 2120 me
376 2063 411 2120 de
431 2063 493 2120 Deo
514 2066 544 2119 et
563 2062 675 2120 Natura
696 2061 869 2120 senteutiam
891 2063 990 2120 fovere
1011 2062 1097 2135 longe
1118 2061 1210 2119 diver-

141 2161 204 2200 sam
219 2143 252 2177 **
286 2145 323 2200 ab
356 2162 399 2214 ea,
431 2162 516 2217 quam
550 2141 694 2200 Nectarici
728 2141 885 2200 Christiani
919 2141 1071 2200 defendere
1106 2142 1208 2200 661611.

141 2223 234 2280 Deum
255 2222 330 2280 enim
352 2242 446 2281 rerum
467 2221 593 2280 omnium
613 2242 730 2280 causam
750 2222 963 2290 immanentem,
985 2225 1018 2279 ut
1039 2221 1130 2295 ajunt,
1153 2241 1212 2279 non

141 2322 211 2377 vero
242 2305 439 2361 transeuntem
470 2306 575 2361 statuo.
609 2302 722 2373 Omnia,
751 2301 877 2376 inquam,
908 2301 938 2359 in
962 2302 1023 2359 Dec
1044 2320 1107 2358 6666
1128 2305 1158 2358 61
1179 2300 1209 2358 11

142 2384 204 2441 Deo
234 2381 353 2452 moveri,
384 2401 448 2441 cum
479 2382 570 2440 Paulo
593 2382 716 2452 affirmo,
737 2382 862 2440 6116116
883 2381 970 2440 etiam
991 2400 1055 2439 cum
1077 2380 1209 2439 omnibus

141 2462 270 2537 antiquis
300 2461 490 2537 Philosophia,
521 2462 589 2521 licet
618 2461 675 2520 alio
707 2462 808 2534 mod03
840 2467 869 2520 et
901 2456 1036 2519 adderem
1057 2460 1144 2520 etiam
1159 2463 1210 2532 *,‚,*

142 2542 245 2610 dicere,
268 2562 332 2600 cum
353 2541 480 2617 antiquis
499 2542 632 2601 omnibus
656 2542 799 2613 Hebraeis,
822 2547 961 2616 quantum
982 2560 1019 2599 ex
1041 2540 1212 2617 quibusdam

142 2621 354 2693 traditionibus,
386 2622 500 2680 tametsi
530 2621 629 2681 multis
656 2623 749 2680 modis
770 2620 950 2692 adulteratis,
973 2621 1114 2697 conjicere
1135 2621 1211 2679 licet.

142 2703 281 2760 Attamen
312 2702 388 2777 quud
412 2701 527 2777 quidam
548 2706 661 2778 putant,
683 2704 852 2761 Tractatum
874 2700 1211 2776 Theologieo-Politicum

141 2801 175 2839 eo
207 2781 270 2853 niti,
303 2782 378 2857 quod
409 2783 488 2840 Deus
518 2786 548 2840 61
579 2782 692 2840 Natura
720 2787 784 2858 (per
804 2801 890 2857 quam
911 2801 1035 2839 massam
1057 2781 1211 2857 quandam,

142 2861 205 2920 sive
226 2862 377 2920 materiam
399 2866 599 2936 corpoream†
620 2861 799 2938 intelligunt)
821 2882 909 2921 unum
931 2866 961 2920 61
980 2860 1212 2931 11161161111616

142 2946 241 3000 errant
271 2941 326 3000 via.
347 2942 394 3000 Ad
415 2941 554 3000 miracula
575 2942 678 3000 deinde
700 2943 775 3017 quod
797 2942 911 3012 attinet,
932 2940 1003 3000 mihi
1024 2946 1125 3000 661116
1145 2960 1211 3017 per-

142 3041 257 3080 suasum
291 3025 336 3080 661
349 3025 395 3095 11,
427 3021 533 3081 divinae
561 3022 748 3081 revelationis
768 3022 970 3081 certitudinem
991 3021 1052 3079 6616
1072 3021 1211 3079 doctrinae

141 3101 293 3177 sapientia,
326 3120 384 3159 161
414 3107 511 3160 autem
542 3101 695 3173 miraculis
728 3103 783 3161 hoc
814 3106 859 3161 est
892 3101 1069 3176 ignorantia,
1100 3101 1211 3159 adstrui

140 3201 234 3256 posse,
267 3182 342 3257 quod
374 3182 445 3240 66116
475 3182 585 3257 prolixe
616 3182 685 3257 (lap.
719 3186 746 3242 6.
779 3182 814 3240 de
835 3180 984 3240 Miraculis
1005 3181 1126 3240 ostendi.
1148 3182 1212 3238 Η66

141 3266 256 3320 tantum
286 3261 334 3319 hic
358 3262 441 3333 addc,
462 3281 508 3320 me
527 3261 604 3320 iuter
625 3262 803 3337 Religionem
826 3266 855 3320 et
876 3261 1115 3337 Superstitionem
1136 3262 1212 3320 hanc

140 3340 315 3417 praecipuam
347 3361 504 3417 agnoscere
533 3341 733 3414 differentiam,
756 3341 832 3418 quod
852 3342 917 3400 haec
936 3341 1141 3417 ignorantiam,
1162 3340 1212 3399 illa

141 3427 237 3480 autem
259 3421 430 3497 sapientiam
451 3442 503 3498 pro
524 3422 712 3481 fundamento
733 3424 855 3494 habeat3
877 3425 908 3480 et
928 3423 1004 3480 hanc
1018 3440 1134 3480 causam
1148 3440 1211 3478 esse

140 3502 235 3572 credo,
267 3522 319 3560 cur
345 3502 502 3561 Christiani
522 3523 581 3562 161
602 3503 667 3575 lide,
688 3521 782 3577 neque
803 3502 955 3574 charitate,
977 3521 1071 3578 neque
1091 3500 1211 3577 reliquis

173 3742 184 3768 *
201 3742 248 3788 Ed.
264 3743 305 3789 Pr.
323 3742 420 3788 omittit
435 3743 512 3789 modo.
637 3742 662 3768 *⁴¹
682 3742 771 3788 Germ:
790 3743 986 3800 1661611616.
1003 3745 1064 3788 rent.

173 3804 212 3862 *a*
230 3804 305 3850 Gerh.
323 3804 420 3850 omittit
436 3806 518 3850 etiam.
613 3807 623 3856 1
643 3804 733 3851 (16111.;
751 3806 929 3863 incorpoream.
1018 3806 1045 3858 11
1063 3803 1152 3850 Germ:
1169 3804 1209 3853 ait,
