2784 4392
1106 369 1205 408 *vn

136 547 170 601 ut
189 546 234 600 est
254 541 285 599 in
304 542 444 599 Tractatu
464 540 585 599 Politice
607 545 684 610 (tom.
707 540 731 599 Ι.
753 560 781 615 p.
805 541 872 598 294.
888 559 931 598 vs.
947 539 1018 612 37.)‚
1033 537 1083 596 ubi
1095 536 1202 612 legitur

136 649 188 707 sed
205 647 292 724 quod,
312 647 494 723 precedente
514 645 545 704 in
565 650 690 722 utroque
710 648 773 704 loco
794 646 897 704 vocula
917 648 970 704 si..

176 755 336 813 Dolendum
357 753 470 829 quidem
491 754 632 829 estquod
654 752 778 829 Spinoza
798 752 828 811 in
849 752 1017 827 quibusdam
1039 756 1068 809 et
1088 750 1148 809 suis
1168 756 1198 809 et

137 860 257 919 aliorum
286 860 422 936 Epistolis
452 860 646 919 describendis
668 860 744 918 diem
765 865 794 918 et
815 879 922 918 annum
943 858 1046 931 omisit,
1067 862 1197 916 attamen

138 968 173 1026 de
192 968 263 1026 locis
283 968 403 1042 singuiis
419 966 549 1043 epistolis
563 966 748 1041 assignandis
761 966 813 1024 vix
827 970 890 1024 erat
903 965 979 1039 quod
994 963 1204 1022 dubitaremus.
1262 954 1264 958 ¹

177 1075 336 1150 Epistulam
356 1075 411 1131 XV
432 1078 541 1149 quanto
563 1072 726 1132 accuratius
747 1072 931 1147 descripserit
950 1070 1119 1129 Frederieus
1136 1070 1201 1128 Pol·

137 1183 204 1240 lock
225 1201 311 1257 quam
332 1181 398 1239 olim
417 1182 526 1239 fecerat
546 1180 648 1239 Victor
668 1179 773 1238 Gousin
794 1179 825 1236 in
845 1180 1086 1253 Fragmentorum
1110 1176 1204 1236 Philo·

138 1287 321 1363 sophicorum
341 1287 397 1346 vol.
419 1288 474 1359 ΠΙ,
504 1292 570 1363 post
590 1286 676 1363 hujus
697 1285 851 1344 editionem
871 1304 963 1359 nuper
983 1283 1013 1341 in
1034 1282 1201 1358 Ginsbergii

139 1393 292 1479 voluminis
311 1395 355 1451 IV
375 1393 532 1470 appendice
553 1393 707 1469 repetitam
728 1392 821 1450 denuo
843 1395 972 1466 apparet.

178 1502 262 1560 Hlam
285 1519 352 1560 vero
373 1502 408 1560 de
429 1501 509 1560 obitu
530 1499 660 1573 (tarasii,
676 1500 712 1558 de
727 1497 827 1574 quain
841 1517 917 1556 nova
930 1500 1030 1556 nostra
1041 1496 1202 1566 Havniensi

141 1613 179 1684 (p.
202 1609 282 1682 359.)
303 1628 396 1667 sermo
417 1612 470 1679 est,
496 1612 656 1684 opportune
677 1605 761 1665 nobis
781 1605 904 1681 praebuit
923 1607 952 1664 J.
974 1607 1002 1663 J.
1024 1604 1204 1664 Cornelissen

139 1715 289 1774 literarum
310 1714 480 1773 Latinarum
499 1715 652 1789 professor,
673 1733 711 1772 ex
731 1713 845 1771 schedis
869 1732 941 1788 quas
961 1712 1202 1788 forteperlustra-

141 1824 192 1880 bat
211 1821 399 1880 Leidensibus
419 1826 547 1891 erutam3
579 1840 641 1878 eam
661 1821 691 1879 in
713 1819 828 1878 ultimas
848 1819 915 1878 libri
935 1818 1058 1894 paginas
1076 1819 1204 1894 recipere

142 1927 328 1987 decrevimus.

182 2034 327 2093 Sermonis
347 2033 453 2093 Batavi
473 2053 556 2092 usum
577 2053 661 2109 quem
682 2034 806 2109 Spinoza
826 2031 968 2106 habuerit,
989 2032 1082 2091 visum
1103 2037 1147 2091 est
1167 2052 1204 2092 ex

143 2141 332 2216 autographis
363 2145 392 2198 et
421 2140 529 2199 veteris
559 2140 692 2199 editionis
722 2139 793 2198 locis
822 2139 1018 2214 singularibus
1046 2139 1202 2198 illustrare.

144 2247 179 2303 In
209 2247 264 2304 hac
290 2245 374 2316 enim,
406 2248 501 2322 quoad
521 2247 583 2322 ejus
603 2266 655 2322 per
675 2245 827 2321 elegantia
848 2244 974 2304 studium
994 2245 1057 2303 fieri
1078 2249 1203 2320 poterat,

143 2353 268 2411 auctoris
288 2354 378 2411 verba
398 2358 515 2412 servata
535 2357 603 2411 sunt
622 2351 640 2412 ¹.

175 2611 183 2638 ¹
215 2611 383 2670 Interpretem
395 2611 507 2669 Operum
514 2610 712 2656 Posthumorum
722 2609 818 2655 chartis
828 2600 945 2668 spinozae
953 2608 1023 2656 MSS.
1032 2609 1119 2666 potius
1129 2621 1205 2666 quam

143 2698 213 2757 prelo
238 2700 367 2757 expressis
388 2712 463 2744 nsum
479 2712 544 2755 esse,
569 2702 595 2744 et
610 2711 656 2757 per
673 2698 832 2756 autographa
849 2697 944 2742 Batava
959 2697 1207 2742 Amstelodamensia

144 2786 273 2844 probatur,
296 2790 323 2832 et
339 2787 417 2832 ctiam
434 2788 528 2845 praeter
543 2785 682 2845 Epistolas‚
704 2786 748 2831 ubi
765 2800 815 2831 non
832 2786 882 2831 nisi
898 2785 990 2831 Latina
1005 2785 1128 2841 habebat,
1145 2786 1208 2831 veri·

144 2876 225 2921 simile
246 2876 321 2921 nobis
336 2876 446 2931 ridetur,
462 2888 514 2920 non
530 2874 693 2921 obstantibus
710 2875 742 2920 iis
759 2888 817 2933 quae
834 2875 966 2920 annotavit
981 2874 1089 2931 Sigwsrt
1105 2875 1136 2920 de
1148 2874 1208 2919 Eth.

145 2963 184 3008 IV.
200 2977 271 3023 prop.
288 2964 373 3009 LXVI.
391 2964 467 3020 (eost.
487 2963 537 3009 Get.
555 2964 616 3008 Aac.
635 2963 704 3007 1882.
722 2963 756 3007 st.
773 2963 811 3008 42.
828 2977 851 3021 p.
871 2961 947 3019 1343).
979 2963 1043 3008 Nam
1060 2963 1104 3008 ubi
1122 2965 1148 3009 et
1164 2963 1207 3009 ille

144 3054 171 3096 et
185 3050 244 3097 libri
259 3052 346 3097 Latini
362 3052 474 3098 editores
489 3052 574 3098 locum
591 3051 722 3097 turbatum
739 3053 817 3097 variis
834 3052 925 3108 modis,
941 3053 991 3098 etsi
1003 3052 1107 3108 frustra,
1125 3065 1208 3097 emen·

145 3140 204 3187 dare
221 3143 305 3187 conati
322 3144 389 3198 sunt,
414 3141 577 3188 manifestum
594 3143 642 3197 est,
658 3142 684 3186 in
702 3141 798 3186 chartis
815 3141 912 3199 aliquid
928 3141 1035 3186 obscure
1057 3141 1148 3200 scripti
1166 3141 1206 3186 vel
1298 3158 1301 3163 ·

143 3230 241 3275 macula
257 3230 368 3276 obsoleti
384 3231 525 3277 exstitisse.
