2784 4392
160 328 199 386 24
610 346 778 389 amaracus

161 515 293 584 debeant,
326 533 422 588 agam.
453 514 491 572 Et
516 515 580 573 haec
600 514 748 590 praecipua
768 519 845 584 sunt,
867 533 932 589 quae
954 515 989 573 ad
1011 514 1097 589 hujus
1118 513 1227 590 Capitis

161 598 363 669 argumentum
396 599 537 670 spectant,
570 599 600 653 et
630 614 694 670 quae
727 599 868 670 praeterea
898 595 934 653 ad
965 593 1108 652 intentum
1136 595 1227 652 totius

160 674 246 749 hujus
267 673 363 750 operis
384 693 442 732 non
462 694 564 750 pamm
585 674 727 733 inservire
747 673 890 732 existimo.

200 755 248 812 Ad
267 755 493 830 primumquod
514 754 628 825 attinet,
649 754 678 813 id
699 753 784 812 facile
804 753 967 812 ostenditur
986 774 1022 812 ex
1042 753 1086 826 iis,
1111 773 1176 829 quae
1195 755 1225 812 in

161 833 230 910 Cap.
260 836 287 892 4.
310 834 387 892 eirca
407 834 501 909 legem
522 834 649 893 divinam
670 833 939 903 demonstravimus,
959 853 1063 909 nempe
1084 854 1168 893 omne
1187 834 1225 903 id,

160 915 236 989 quod
271 915 350 972 Deus
386 915 450 973 vult
483 914 545 973 sive
579 913 760 984 determinat,
797 919 934 973 aeternam
966 913 1167 972 necessitatem
1197 920 1226 972 et

162 994 316 1053 veritatem
347 994 504 1053 involvere.
537 994 722 1053 Ostendimus
753 993 828 1053 enim
850 1013 885 1053 ex
906 1014 948 1067 ee,
971 994 1047 1069 quod
1066 994 1121 1053 Dei
1140 994 1225 1052 intel·

158 1075 251 1133 lectus
282 1093 300 1132 a
331 1074 386 1133 Dei
417 1075 568 1133 voluntate
598 1094 657 1133 non
684 1074 882 1151 distinguitur,
903 1074 977 1132 idem
999 1094 1052 1132 nos
1072 1074 1224 1142 affirmare,

163 1173 227 1212 cum
259 1153 379 1213 dicimus
410 1155 501 1214 Deum
533 1154 640 1230 aliquid
671 1155 754 1226 velle,
786 1174 820 1213 ac
849 1174 913 1213 cum
934 1153 1062 1225 dicimus,
1084 1155 1176 1213 Deum
1195 1154 1225 1212 id

161 1233 255 1310 ipsum
286 1233 463 1309 intelligere3
495 1254 584 1311 quare
614 1235 713 1294 eadem
734 1234 914 1305 necessitate,
936 1253 993 1309 qua
1013 1253 1051 1293 ex
1071 1239 1177 1293 natura
1196 1241 1226 1292 et

162 1314 339 1389 perfectione
367 1314 466 1373 divina
487 1315 624 1390 sequitur,
644 1315 738 1373 Deum
758 1334 819 1372 rem
841 1314 975 1390 aliquam,
996 1321 1030 1372 ut
1048 1319 1102 1385 est,
1122 1314 1224 1373 intelli·

162 1413 240 1468 gere,
272 1413 308 1452 ex
339 1395 438 1453 eadem
469 1394 608 1470 sequitur,
640 1395 732 1453 Deum
763 1395 892 1465 eandem,
921 1400 954 1453 ut
975 1399 1027 1465 est,
1049 1394 1132 1453 velle.
1154 1393 1223 1453 (lum

160 1478 256 1532 autem
288 1473 370 1541 nihil,
392 1473 447 1532 nisi
468 1493 505 1532 ex
526 1474 586 1532 solo
607 1474 705 1534 divino
726 1475 852 1545 decreto,
873 1474 1036 1533 necessario
1056 1494 1156 1532 verum
1177 1474 1223 1545 sit,

159 1553 228 1612 hinc
260 1553 416 1612 clarissime
447 1554 586 1630 sequitur,
617 1555 698 1629 leges
724 1554 843 1613 Naturae
863 1554 1042 1613 universales
1061 1573 1141 1613 mera
1161 1573 1224 1612 esse

160 1634 276 1692 decreta
307 1633 370 1705 Dei,
399 1653 464 1709 quae
486 1654 523 1692 ex
544 1634 716 1692 necessitate
737 1639 767 1693 st
786 1634 963 1710 perfectione
983 1639 1096 1693 naturae
1118 1633 1223 1692 divinae

159 1719 328 1788 sequuntur.
361 1713 390 1772 Si
423 1713 491 1790 quid
522 1713 613 1789 igitur
642 1714 673 1772 in
704 1712 817 1773 Natura
844 1714 1035 1789 contingeret,
1065 1715 1141 1789 quod
1162 1714 1225 1790 ejus

159 1793 370 1852 universalibus
400 1794 513 1869 legibus
543 1800 729 1870 repugnaret,
761 1794 790 1853 id
821 1795 935 1853 decreto
965 1798 995 1853 et
1014 1793 1174 1853 intellectui
1194 1800 1224 1853 et

159 1877 273 1933 naturae
301 1873 407 1932 divinae
428 1874 590 1933 necessario
610 1875 698 1933 etiarn
718 1879 910 1950 repugnaret;
932 1879 984 1933 aut
1003 1874 1027 1932 si
1048 1874 1113 1950 quis
1133 1879 1223 1932 statu·

160 1957 232 2023 eret,
264 1954 355 2012 Deum
380 1953 487 2030 aliquid
508 1959 610 2014 contra
629 1955 709 2030 leges
729 1955 848 2014 Naturae
868 1975 964 2029 agere,
985 1954 1011 2013 is
1031 1955 1115 2012 simul
1136 1955 1222 2013 etiam

159 2039 312 2108 cogeretur
342 2038 480 2105 statuere,
511 2036 603 2093 Deum
634 2039 736 2093 contra
766 2054 848 2093 suam
879 2039 1013 2094 naturam
1045 2054 1139 2109 agere,
1167 2054 1223 2110 quo

158 2112 231 2172 nihil
257 2114 417 2174 absurdius.
440 2115 519 2173 Idem
541 2115 627 2173 etiam
648 2114 732 2173 facile
752 2135 789 2172 ex
811 2116 865 2173 hoc
885 2121 982 2190 posset
1003 2115 1123 2178 ostendi,
1146 2116 1222 2190 quod

159 2193 292 2253 nimirum
323 2195 453 2269 potentia
482 2194 602 2254 Naturae
635 2195 673 2253 sit
702 2195 766 2270 ipsa
794 2195 892 2253 divina
919 2196 1049 2271 potentia
1069 2199 1100 2253 et
1120 2194 1221 2266 virtus,

158 2273 257 2332 divina
288 2280 384 2333 autem
416 2274 546 2350 potentia
577 2275 615 2333 sit
634 2275 778 2350 ipsissima
798 2274 852 2333 Dei
872 2274 1011 2344 essentia;
1034 2275 1083 2333 sed
1105 2275 1159 2333 hoc
1179 2275 1221 2333 in·

156 2354 374 2429 praesentiarum
394 2354 530 2414 libentius
550 2355 659 2413 omitto.
681 2354 762 2413 Ni'nil
774 2354 866 2430 igitur
878 2355 909 2414 in
919 2355 1052 2414 Natura¹
1068 2355 1219 2430 contingit,

157 2434 231 2509 quod
266 2433 356 2509 ipsius
388 2434 501 2509 legibus
533 2434 745 2493 universalibus
778 2439 939 2511 repugnet;
981 2441 1011 2493 at
1046 2454 1098 2493 nec
1132 2435 1219 2493 etiam

158 2513 273 2588 aliquid,
306 2514 380 2589 quod
411 2533 475 2572 eum
504 2514 605 2573 iisdem
635 2535 695 2573 non
725 2514 869 2579 convenit,
902 2521 953 2574 aut
982 2535 1020 2573 ex
1039 2514 1140 2573 iisdem
1161 2535 1219 2573 non

156 2593 305 2668 sequitur:
337 2613 402 2652 nam
435 2594 569 2670 quiequid
599 2596 641 2665 fit,
673 2615 726 2672 per
755 2595 810 2653 Dei
830 2596 1008 2654 voluntatem
1029 2601 1059 2652 et
1079 2599 1218 2653 aeternum

157 2674 304 2731 decretum
334 2674 387 2743 fit3
419 2674 473 2733 hoo
504 2680 566 2744 est,
588 2680 621 2733 ut
648 2675 709 2751 jam
740 2675 925 2745 ostendimus,
957 2674 1090 2750 quicquid
1120 2677 1161 2745 fit,
1189 2675 1219 2733 id

156 2753 313 2812 secundum
334 2754 414 2829 leges
434 2759 464 2813 et
483 2755 608 2829 regulas,
631 2775 695 2830 quae
717 2760 855 2814 aeternam
876 2754 1075 2813 necessitatem
1096 2758 1126 2812 et
1147 2755 1217 2812 veri·

157 2837 247 2891 tatem
278 2833 439 2906 involvunt,
471 2835 523 2906 fit3
555 2835 667 2893 Natura
697 2835 795 2910 itaque
826 2835 906 2909 leges
936 2840 966 2893 et
996 2835 1120 2909 regulas,
1152 2855 1217 2910 quae

156 2918 294 2973 aeternam
325 2916 524 2974 necessitatem
556 2920 586 2974 et
611 2915 765 2974 veritatem
785 2915 947 2985 involvunt,
968 2913 1100 2990 quamvis
1119 2933 1218 2972 omnes

157 2993 240 3052 nobis
270 2999 347 3052 notae
379 3015 436 3053 non
467 2995 534 3065 siut,
565 3015 679 3070 semper
698 3000 797 3054 tamen
817 2997 960 3064 observat,
983 2995 1110 3069 adeoque
1131 2993 1216 3053 etiam

156 3074 246 3132 fixum
268 3079 354 3149 atque
374 3075 579 3134 immutabilem
600 3075 738 3135 ordinem.
760 3075 820 3133 Nec
840 3075 899 3133 ulla
919 3095 991 3134 sana
1011 3075 1086 3133 ratio
1107 3074 1217 3139 suadet,

156 3152 276 3212 Naturae
296 3154 448 3213 limitatam
469 3154 628 3230 potentiam
649 3160 678 3212 et
699 3155 837 3214 virtutem
858 3156 993 3225 tribuere,
1009 3155 1126 3231 ejusque
1140 3154 1220 3229 leges

157 3233 193 3292 ad
225 3239 305 3292 certa
335 3240 457 3305 tantum,
485 3239 515 3292 et
535 3254 593 3292 non
614 3235 650 3292 ad
672 3234 768 3292 omnia
788 3239 873 3310 aptas
893 3239 1036 3304 statuere;
1057 3255 1133 3303 nam,
1155 3255 1218 3293 oum

157 3312 251 3372 virtus
271 3319 301 3372 et
321 3315 450 3390 potentia
471 3314 589 3373 Naturae
610 3313 648 3372 sit
667 3314 732 3390 ipsa
752 3314 806 3372 Dei
826 3314 920 3373 virtus
941 3320 970 3373 et
990 3315 1128 3389 potentia,
1141 3315 1220 3389 leges

156 3398 252 3452 autem
283 3400 313 3452 et
333 3394 442 3469 regulae
463 3393 583 3453 Naturae
604 3393 667 3469 ipsa
688 3393 743 3452 Dei
763 3395 887 3465 decreta,
910 3394 1025 3453 cornino
1046 3395 1219 3453 credendum

156 3478 210 3545 est,
231 3473 389 3549 potentiam
410 3474 528 3533 Naturae
547 3473 688 3532 infinitam
711 3494 783 3544 esse,
805 3474 922 3549 ejusque
943 3475 1022 3549 leges
1042 3475 1114 3532 adeo
1135 3475 1218 3542 latae,

156 3560 189 3611 ut
210 3554 246 3611 ad
267 3553 371 3626 omnia,
393 3574 456 3629 quae
476 3558 506 3612 et
526 3556 563 3612 ab
583 3554 645 3629 ipso
667 3554 764 3612 divino
785 3553 934 3613 intellectu
954 3554 1163 3630 concipiuntur,
1188 3575 1220 3611 se

194 3752 199 3775 ¹
227 3746 276 3793 NB.
302 3762 343 3794 me
365 3749 407 3794 hic
428 3762 474 3807 per
489 3749 611 3796 Naturam
629 3763 679 3795 non
696 3749 840 3807 intelligere
857 3749 938 3795 solam
955 3751 1088 3796 materiam
1113 3752 1219 3809 sineque

156 3809 313 3865 affectiones,
329 3811 375 3856 sed
392 3814 482 3869 praeter
499 3812 631 3858 materiam
650 3812 700 3858 alia
717 3811 821 3857 infinita.
