2784 4392
587 1143 651 1248 L.
693 1142 746 1248 S.

169 1448 326 1521 Postquam
360 1446 391 1504 in
424 1446 516 1522 primo
550 1445 696 1504 volumine
730 1446 766 1503 de
796 1445 923 1504 universi
957 1445 1051 1521 operis
1082 1445 1194 1504 rationo

130 1553 238 1611 dictum
259 1556 311 1623 est,
333 1552 380 1611 lric
399 1553 460 1628 jam
479 1551 579 1627 paucis
599 1552 814 1610 memorandum
835 1551 958 1623 videtur,
979 1571 1043 1627 quae
1056 1552 1104 1609 illo
1119 1551 1195 1609 edito

130 1661 177 1717 vel
198 1659 390 1735 repererimus
410 1660 457 1716 vel
477 1659 671 1717 censuerimus
691 1658 832 1717 facienda.

168 1767 206 1824 m
237 1765 363 1841 primum
395 1764 509 1840 quidem
530 1784 546 1822 e
566 1765 702 1823 Leibnitii
721 1764 834 1823 schedis
854 1766 1017 1823 Hanoverae
1038 1764 1195 1823 asservatis

129 1874 205 1931 forte
236 1873 355 1930 fortuna
386 1875 565 1929 emerserunt
595 1871 685 1930 literae
721 1872 757 1930 ad
788 1871 988 1946 philosophum
1019 1870 1193 1929 Germanum

130 1981 205 2037 datae
238 1999 255 2036 a
286 1977 321 2037 G.
343 1979 380 2037 H.
404 1978 561 2048 Schullero,
593 1978 734 2054 equibus
754 1997 812 2036 non
832 1982 945 2037 tanturn
966 1982 1096 2053 apparet,
1117 1979 1195 2036 hunc

129 2085 222 2162 ipsum
258 2084 407 2143 Medicinae
441 2086 594 2142 Ductorem
632 2085 807 2143 adornandis
849 2084 990 2160 Operibus
1030 2085 1195 2143 Posthumis

129 2211 247 2267 operam
269 2210 350 2249 suam
371 2195 400 2248 et
420 2190 546 2249 studium
567 2210 699 2262 navasse,
728 2191 894 2263 sedetiam,
926 2211 1047 2267 quorum
1067 2191 1192 2249 virorum

129 2298 246 2356 nomina
278 2297 361 2355 amici
391 2297 457 2355 olim
479 2317 516 2355 ex
536 2298 672 2373 Epistolis
692 2299 887 2373 expungenda
904 2297 1106 2374 judicaverint.
1149 2299 1195 2357 Sic

130 2404 206 2463 enim
226 2403 343 2478 scripsit
362 2403 410 2462 ille
431 2404 458 2462 d.
482 2405 528 2462 19.
550 2404 595 2479 (N.
618 2404 646 2463 S.
668 2406 728 2478 29.)
749 2425 786 2463 m.
808 2404 906 2462 Martii
927 2425 953 2464 a.
977 2406 1080 2464 167&

172 2510 306 2584 „Ultimae
328 2511 482 2586 [epistolae]
505 2531 522 2569 a
543 2513 590 2569 61.
612 2531 703 2587 usque
723 2512 760 2569 ad
780 2511 953 2587 penultimas
975 2512 1098 2585 [literas]
1114 2532 1131 2570 a
1147 2532 1193 2570 me

45 2601 48 2607 ¹
130 2622 176 2688 „et
199 2617 423 2676 Tsohirnhausio
445 2616 528 2675 simul
550 2618 624 2675 datae
645 2623 674 2675 et
687 2617 826 2676 redditae.
859 2618 887 2676 S.
903 2618 938 2676 de
953 2618 1038 2676 Vries
1051 2623 1194 2676 mercator

130 2729 177 2795 „et
209 2723 393 2782 mennonista
422 2724 482 2799 jam
503 2726 571 2781 ante
592 2743 683 2782 annos
704 2723 814 2799 aliquot
833 2724 905 2782 obiit
925 2729 955 2782 et
975 2725 1102 2799 legatum
1126 2727 1191 2783 100.

131 2830 343 2906 „imperialium
365 2829 520 2906 quotannis
539 2830 655 2888 authori
674 2829 792 2905 legavit.
824 2831 848 2887 I.
869 2850 898 2889 v.
919 2831 959 2888 M.
982 2835 1027 2888 est
1046 2831 1113 2889 Joh.
1135 2851 1192 2889 van

131 2938 200 3009 „der
220 2938 310 3008 Mser,
331 2937 359 2994 J.
382 2938 410 2994 J.
432 2935 537 3010 Jarigh
552 2937 570 2994 J
573 2937 649 3007 elles
664 2941 786 3012 uterque
799 2941 942 2995 mercator
955 2938 1049 2996 adhuc
1062 2937 1092 2995 in
1106 2937 1190 3007 vivia,

130 3045 171 3115 „L
205 3043 239 3102 O.
271 3045 338 3102 Joh.
372 3044 490 3114 Oosteu,
522 3043 675 3118 chirurgus
695 3044 955 3104 Roterodamensis.
989 3045 1119 3120 Epistola
1141 3047 1187 3103 56.

130 3149 257 3225 „scripta
287 3154 331 3207 est
362 3150 399 3207 ad
430 3149 648 3230 Pensionariurn
679 3149 742 3209 sive
773 3150 928 3225 Syudicum
958 3150 1190 3210 Gorcomiensem

130 3256 302 3330 „Hugonem
323 3258 436 3329 Buxen‚
459 3259 619 3317 mutatione
632 3258 775 3333 Principis
788 3257 907 3316 Auriaci
920 3260 956 3316 ab
971 3257 1064 3316 officio
1078 3258 1129 3317 A0.
1145 3260 1190 3317 72.

130 3361 319 3436 „depositum
354 3363 484 3438 Epistola
505 3366 552 3423 50.
574 3365 610 3422 ad
632 3366 661 3423 J.
683 3366 712 3423 J.
734 3364 828 3421 data.”

163 3468 208 3525 De
242 3467 314 3526 civis
344 3470 432 3546 hujus
464 3469 675 3529 Gorcomiensis
706 3470 821 3528 nomine
851 3475 880 3528 et
911 3470 973 3528 vita
1000 3470 1119 3529 comiter
1139 3490 1192 3528 nos

122 3579 230 3649 rogatu
261 3580 361 3635 nostro
393 3576 515 3647 edocuit,
548 3576 598 3652 qui
623 3575 665 3635 illi
684 3575 797 3634 civitati
816 3576 901 3634 hodie
921 3578 957 3634 ab
978 3576 1051 3634 actis
1071 3581 1124 3647 est,
1144 3576 1191 3634 vir

123 3680 345 3741 honestissimus
366 3683 414 3742 W.
437 3683 591 3758 Slootweg.
621 3681 791 3741 Nominibus
811 3686 907 3741 autern
929 3682 1013 3740 oditis
1033 3681 1190 3741 Christiani

123 3787 255 3864 Hugenii
285 3790 390 3848 addere
422 3809 480 3848 non
511 3789 713 3861 dubitavimus
746 3789 851 3865 quippe
876 3808 961 3864 quem
981 3809 1046 3847 cum
1067 3789 1190 3864 Spinoza
