2784 4392
187 282 225 340 26
566 310 574 319 ·
636 298 804 338 rancrnrns

185 467 211 526 si
241 486 278 526 ex
306 467 376 542 ipsis
407 486 469 525 eam
501 471 584 524 extra
613 484 727 524 omnem
759 465 947 524 dubitationis
968 466 1059 523 aleam
1081 464 1251 524 concludere

185 547 333 607 volumus:
364 566 431 611 nam
452 546 477 604 si
496 552 645 623 possemus
665 545 825 621 concipere,
845 545 924 620 ipsas
944 544 1077 604 notiones
1098 547 1135 603 ab
1155 544 1252 621 alique.

184 627 323 704 potentia,
355 645 534 702 quaecunque
565 627 678 684 demum
710 645 745 684 ea
772 625 869 697 fuerit,
890 624 998 683 mutari
1017 644 1110 700 posse,
1132 629 1193 683 tum
1213 625 1250 684 de

185 727 284 767 eornm
314 707 438 765 veritate
468 706 674 777 dubitaremus,
706 711 736 765 et
756 710 965 781 consequenter
985 704 1071 763 etiam
1093 705 1128 762 de
1149 709 1250 763 nostre

185 787 376 859 conclusione,
408 806 512 861 nempe
542 787 577 845 de
598 785 653 844 Dei
672 785 838 856 existentia,
859 806 913 844 nec
933 786 968 844 de
990 785 1056 844 ulla.
1069 804 1101 843 re
1121 805 1249 860 unquam

185 867 342 944 poterimus
363 886 425 926 esse
446 866 526 926 certi.
548 866 659 925 Deinde
679 865 752 924 nihil
771 885 836 924 cum
857 865 968 925 Natura
989 864 1143 923 convenire
1164 865 1209 923 vel
1221 864 1248 923 ei

185 967 349 1023 repugnare
368 947 482 1017 scimus,
503 946 559 1005 nisi
579 946 617 1015 id,
640 947 716 1022 quod
737 946 914 1005 ostendimus
935 966 998 1004 cum
1019 945 1083 1003 istis
1101 945 1251 1020 principiis

186 1028 349 1100 convenire,
381 1027 427 1086 vel
457 1026 493 1085 iis
523 1045 705 1102 repugnare;
737 1046 837 1101 quere,
868 1025 892 1084 si
923 1025 1073 1101 concipere
1102 1044 1251 1100 possemus

185 1107 291 1183 aliquid
321 1108 353 1166 in
383 1107 495 1166 Natura
526 1109 563 1165 ab
594 1107 690 1181 aliqua
720 1106 851 1182 potentia
871 1108 1060 1181 (quaecunque
1081 1106 1195 1163 demum
1214 1125 1251 1164 ea

184 1188 284 1252 fueritl
320 1208 405 1264 posse
439 1187 510 1257 fieri,
544 1188 619 1262 quod
654 1187 775 1245 Naturae
809 1190 961 1261 repugnet,
995 1185 1024 1243 id
1055 1185 1157 1261 primis
1186 1185 1250 1243 istis
1301 1216 1305 1221 .

186 1269 351 1328 notionibus
380 1267 564 1343 repugnabit,
594 1267 724 1342 adeoque
753 1265 782 1324 id
813 1271 847 1325 ut
877 1266 1032 1325 absurdum
1053 1264 1248 1340 rejiciendum,

185 1350 232 1407 vel
253 1350 288 1407 de
308 1348 408 1423 primis
429 1347 594 1406 notionibus
614 1349 659 1420 (ut
679 1347 764 1404 modo
785 1346 981 1417 ostendimus),
998 1351 1028 1404 et
1041 1350 1251 1420 consequenter

185 1429 221 1487 de
250 1430 321 1498 Deo,
343 1433 372 1486 et
393 1428 428 1485 de
449 1427 580 1485 omnibus
600 1427 855 1501 quomodocunque
875 1426 1028 1502 perceptis,
1050 1425 1247 1484 dubitandmn.

185 1509 286 1582 Longe
316 1506 406 1580 igitur
436 1509 526 1579 abest,
558 1511 591 1564 nt
620 1506 768 1577 miracula,
794 1511 938 1582 quatenns
958 1505 1059 1582 perid
1079 1505 1250 1580 intelligitur

186 1607 266 1663 opus,
302 1587 377 1663 quod
407 1586 501 1644 ordini
531 1586 652 1645 Naturae
683 1591 836 1663 repugnet,
868 1586 951 1645 nobis
981 1585 1035 1644 Dei
1065 1585 1250 1643 existentiam

186 1668 354 1736 ostendant3
376 1686 439 1725 cnm
460 1661 561 1725 contra
581 1686 635 1724 nos
655 1667 690 1725 de
711 1668 811 1725 eadem
833 1667 966 1725 dubitare
986 1666 1250 1740 facerent,quando

186 1750 293 1822 absque
313 1747 348 1805 iis
369 1747 498 1805 absolute
520 1747 555 1805 de
575 1746 638 1823 ipsa
658 1766 807 1823 possemus
828 1767 891 1806 esse
911 1746 991 1815 certi,
1014 1766 1117 1822 nempe
1136 1747 1251 1820 quando

186 1826 299 1898 scimus,
337 1826 432 1885 omnia
467 1827 587 1885 Naturae
626 1832 736 1885 certum
768 1832 855 1902 atque
884 1826 1089 1885 immutabilem
1122 1826 1250 1884 ordinem

186 1907 275 1982 sequi.
308 1907 349 1964 At
379 1911 512 1982 ponatur,
544 1906 574 1965 id
594 1926 656 1965 esse
676 1906 855 1975 miraculum,
877 1908 951 1982 qnod
972 1926 1025 1983 per
1045 1926 1147 1965 causas
1168 1912 1251 1964 natu-

187 1987 262 2045 rales
292 1986 430 2062 explicari
461 2007 519 2045 non
543 1992 654 2063 potest;
677 1988 753 2062 qnod
775 1982 899 2063 quidem‘
912 1989 1023 2046 duobus
1042 1988 1134 2044 modis
1154 1991 1252 2061 potest

187 2066 318 2142 intelligi,
347 2068 393 2125 vel
425 2068 501 2143 quod
522 2087 624 2126 canses
645 2068 793 2125 naturales
813 2067 928 2143 quidem
949 2068 1046 2137 habet,
1068 2087 1132 2141 quae
1153 2073 1251 2124 tamen
1307 2084 1313 2109 ¹

188 2149 225 2205 ab
245 2147 372 2206 humano
392 2147 540 2206 intellectu
560 2146 731 2222 investigari
752 2167 810 2205 non
830 2151 960 2223 possunt,
983 2148 1030 2206 vel
1051 2147 1125 2222 quod
1144 2147 1251 2204 nullam

187 2247 302 2285 causam
333 2233 442 2302 praeter
473 2229 564 2286 Deum
596 2227 658 2285 sive
689 2227 742 2285 Dei
774 2228 952 2285 voluntatem
980 2227 1121 2302 agnoseit.
1142 2227 1251 2284 Verum

187 2306 254 2381 quia
289 2307 393 2377 omnia,
429 2326 493 2382 qnae
528 2327 579 2383 per
613 2326 716 2365 causas
746 2308 894 2365 naturales
924 2309 1006 2377 fiunt,
1039 2327 1076 2365 ex
1107 2308 1167 2364 sola
1197 2306 1254 2365 Dei·

187 2386 317 2462 potentia
349 2391 378 2445 et
408 2388 558 2445 voluntate
578 2387 665 2445 etiam
686 2388 769 2455 fiunt,
792 2387 952 2445 necessario
974 2388 1030 2445 huc
1051 2388 1167 2445 tandem
1187 2407 1251 2462 per·
1301 2409 1305 2416 ·
1390 2390 1391 2407 ¹

187 2465 369 2537 veniendum,
398 2486 500 2542 nempe
520 2466 698 2537 miraculum,
719 2467 781 2525 sive
801 2467 830 2525 id
851 2487 953 2525 causas
974 2467 1122 2525 naturales
1143 2468 1251 2524 lrabeat

187 2545 248 2604 sive
279 2545 382 2616 minue,
414 2566 486 2622 opus
510 2567 581 2616 esse,
603 2548 677 2621 quod
699 2567 751 2622 per
771 2567 887 2605 oausam
908 2547 1046 2622 explicari
1068 2567 1126 2605 non
1146 2550 1251 2622 potest,

188 2627 242 2683 hoo
273 2630 317 2684 est
348 2645 428 2701 opus,
455 2627 530 2702 qnod
552 2631 667 2702 captum
688 2627 847 2685 humanum
868 2632 1002 2702 superat;
1024 2628 1073 2685 sed
1096 2647 1133 2684 ex
1153 2647 1249 2702 opere,

187 2710 218 2763 et
245 2706 374 2764 absolute
395 2726 432 2764 ex
452 2726 494 2770 eo,
517 2708 593 2784 quod
613 2717 744 2765 nostrum
764 2712 881 2783 captum
902 2712 1029 2782 superat,
1051 2706 1123 2765 nihil
1143 2707 1248 2765 intelli-

189 2804 257 2860 gere
287 2806 446 2862 possumus.
478 2787 551 2845 Nam
582 2786 715 2862 quicquid
748 2788 824 2845 clare
849 2793 879 2844 et
900 2787 1034 2845 distincte
1054 2786 1251 2861 intelligimus,

187 2863 218 2924 id
247 2885 300 2941 pei·
319 2887 358 2936 se,
381 2868 427 2925 vel
447 2887 500 2942 per
519 2867 605 2938 aliud,
629 2867 704 2942 qnod
725 2887 777 2943 per
797 2887 828 2925 se
849 2868 926 2925 clare
947 2873 976 2925 et
997 2867 1131 2925 distincte
1148 2867 1251 2925 intelli-

188 2945 275 3021 gitur,
307 2946 389 3005 nobis
414 2948 499 3006 debet
518 2947 707 3006 innotescere.
730 2946 825 3017 Quare
846 2966 883 3004 ex
904 2947 1050 3014 miraculo,
1072 2948 1134 3021 sive
1154 2965 1249 3022 opere,

188 3026 262 3100 quod
283 3031 414 3085 nostrum
435 3032 551 3103 captum
572 3032 699 3104 superat.
722 3047 775 3085 nec
795 3027 848 3085 Dei
869 3027 1031 3098 essentiam,
1055 3047 1108 3085 nec
1129 3027 1252 3085 existen·

126 3165 129 3170 ,
155 3150 158 3157 «
187 3105 266 3173 tiam,
298 3126 351 3165 neo
381 3108 512 3165 absolute
542 3107 648 3182 aliquid
681 3108 716 3165 de
744 3108 805 3165 Deo
826 3111 856 3164 et
877 3106 988 3165 Natura
1007 3107 1169 3181 intelligere
1189 3126 1252 3181 pos-

188 3193 301 3257 tumns3
334 3186 382 3243 ned
416 3191 525 3257 contra,
557 3207 621 3246 cum
643 3186 739 3245 omnia
759 3207 777 3245 a
796 3188 858 3245 Deo
880 3186 1070 3246 determinata
1091 3192 1121 3245 et
1141 3185 1254 3246 sancita

188 3263 293 3323 scimus
325 3285 396 3336 esee,
428 3272 457 3324 et
484 3267 666 3342 operationes
685 3266 806 3325 Naturae
828 3287 866 3324 ex
887 3266 940 3324 Dei
961 3267 1087 3325 essentia
1107 3266 1251 3342 consequi,

188 3344 309 3403 Naturae
328 3365 397 3404 vero
411 3347 491 3421 leges
505 3347 558 3405 Dei
573 3352 684 3406 aeterna
698 3347 814 3405 decreta
827 3351 856 3405 et
870 3346 1023 3405 volitiones
1037 3367 1108 3417 esse,
1124 3348 1254 3406 absolute
1337 3391 1342 3394 -

189 3425 424 3496 concludendum,
449 3447 502 3485 nos
522 3446 555 3485 eo
576 3427 677 3485 melius
697 3427 789 3485 Deum
810 3426 920 3501 Deique
939 3428 1119 3485 voluntatem
1132 3447 1254 3502 cognos-

188 3524 261 3573 cere,
294 3525 349 3580 quo
377 3507 478 3565 melius
505 3527 552 3565 res
580 3509 728 3566 naturales
748 3507 956 3581 cognoscimus,
977 3512 1007 3565 et
1027 3507 1133 3565 clarius
1151 3508 1253 3565 intelli·
1338 3536 1341 3543 ¹

191 3584 293 3659 gimus,
324 3588 464 3660 quomodo
494 3606 512 3644 a
542 3587 635 3662 prima
662 3607 716 3645 sua
746 3605 833 3645 censa
864 3586 1035 3661 dependent,
1061 3591 1090 3644 et
1114 3588 1254 3662 quomodo

189 3666 347 3724 secundum
382 3671 507 3725 aeternas
542 3667 661 3725 Naturae
695 3667 776 3740 leges
806 3670 971 3740 operantur.
1004 3665 1109 3736 Quare,
1141 3667 1254 3726 ratione

188 3744 281 3802 nostri
312 3744 483 3816 intellectus,
515 3747 601 3821 longe
632 3746 749 3804 meliore
777 3745 842 3820 jure
866 3765 901 3802 ea
922 3765 1017 3820 opera,
1040 3767 1104 3821 quae
1126 3747 1202 3806 clare
1222 3752 1254 3805 et
