2784 4392
201 310 240 368 50
648 326 817 366 ranorxrus

201 494 306 565 studia,
339 499 368 552 et
398 514 493 552 mores
523 493 654 552 authoris
674 493 757 564 scire,
778 513 871 569 neque
892 514 949 569 qna
969 494 1077 570 lingna,
1100 496 1153 567 cui,
1176 516 1273 573 neque

201 576 317 651 qnando
343 574 499 649 scripserit,
522 593 581 631 non
600 573 667 631 libri
686 574 834 632 fortunam
854 594 948 650 neque
969 576 1067 633 varias
1088 578 1149 652 ejus
1170 578 1272 636 lectio-

201 675 262 727 nes,
284 674 337 713 nec
358 654 508 729 quomodo,
530 673 583 712 666
604 653 726 728 denique
747 654 1009 730 quorum-concilio
1023 661 1159 732 acceptus
1171 658 1272 718 fuerit.

202 736 240 793 Et
270 734 346 810 qnod
378 734 423 792 hic
455 734 490 792 de
520 733 648 804 Euclide,
680 734 709 791 id
741 735 776 793 de
808 735 948 806 omnibus,
980 735 1029 810 qui
1056 736 1091 794 de
1111 740 1197 796 rebus
1217 759 1272 797 sua

201 819 308 873 natura
328 814 563 890 perceptibilibus
583 814 770 889 scripserunt,
793 815 958 885 dicendum;
981 817 1108 891 adeoque
1129 819 1272 877 concludi-

201 914 274 966 mus,
296 914 349 952 666
369 899 495 952 mentem
516 894 673 971 Scripturas
695 894 774 952 circa
794 896 965 954 documenta
985 896 1105 954 moralia
1119 898 1270 974 exipsius

203 994 290 1050 quam
310 975 418 1032 habere
438 994 598 1050 possumne,
620 973 743 1033 historie
762 975 846 1032 facile
867 994 951 1050 posse
970 976 1092 1051 assequi,
1107 982 1137 1035 et
1151 979 1186 1036 de
1200 998 1271 1037 vero

202 1055 266 1130 ejus
296 1075 382 1113 sensu
413 1075 476 1113 6666
507 1060 615 1113 certos,
638 1055 725 1113 Verae
747 1055 822 1112 enim
843 1055 961 1129 pietatis
982 1056 1154 1116 documenta
1174 1059 1272 1118 verbis

202 1134 398 1194 usitatissimis
426 1135 637 1210 exprimuntur,
665 1135 894 1210 quandoquidem
924 1137 1074 1195 admodum
1099 1139 1271 1212 communia,

202 1235 256 1274 nec
286 1215 381 1273 minus
412 1215 554 1290 simplicia
584 1218 614 1273 et
644 1214 793 1274 intellectu
823 1215 919 1273 facilia
950 1221 1034 1286 sunt;
1062 1222 1092 1275 et
1112 1218 1180 1294 quia
1200 1238 1272 1277 vera

202 1296 281 1354 salus
301 1301 331 1354 et
351 1296 500 1354 beatitudo
521 1295 552 1353 in
573 1314 643 1353 vera
664 1295 752 1352 animi
774 1295 985 1370 acquiescentia
1006 1297 1148 1368 consistit,
1168 1303 1198 1356 61
1216 1319 1272 1357 666

202 1375 234 1434 16
264 1375 300 1434 iis
331 1380 444 1433 tantum
476 1395 544 1433 vere
570 1374 786 1450 acquiescimus,
809 1396 875 1451 qnae
897 1375 1053 1435 clarissime
1072 1377 1270 1453 intelligimus,

202 1456 271 1514 hinc
302 1455 516 1514 evidentissime
548 1455 686 1529 sequitur,
720 1475 773 1513 666
802 1460 927 1514 mentem
949 1456 1106 1532 Scripturas
1128 1458 1204 1517 circa
1223 1479 1272 1517 res

203 1536 345 1594 salutares
376 1541 406 1593 et
435 1535 472 1592 ad
501 1534 708 1592 beatitudinem
736 1535 914 1594 necessarias
934 1542 1013 1594 certo
1034 1557 1119 1612 posse
1140 1539 1270 1614 assequi;

202 1635 291 1691 qnare
321 1635 380 1673 666
411 1619 464 1685 661,
496 1635 548 1672 cur
578 1615 614 1673 de
644 1615 763 1690 reliquis
792 1616 880 1674 simus
910 1617 981 1675 adeo
1013 1617 1140 1676 solliciti:
1161 1619 1272 1694 reliqna

204 1695 288 1765 enim,
310 1694 542 1770 quandoquidem
562 1714 597 1753 ea
617 1695 823 1770 utplurimum
844 1696 967 1755 Ratione
987 1701 1017 1755 et
1029 1697 1178 1757 intellectu
1192 1718 1271 1758 com-

201 1775 289 1851 plecti
319 1794 378 1832 non
408 1795 568 1851 possumus,
600 1776 665 1850 plus
695 1775 871 1834 curiositatis
891 1796 976 1850 quam
997 1777 1132 1837 utilitatis
1152 1779 1270 1838 habent.

242 1855 298 1912 His
328 1855 461 1913 existimo
486 1875 652 1913 moveram
675 1856 841 1914 methodum
862 1856 1040 1931 Scripturam
1061 1858 1273 1934 interpretandi
1293 1890 1298 1899 ·

203 1934 372 2008 ostendisse,
407 1955 556 2010 meamque
591 1936 626 1993 de
660 1936 759 1993 eadem
795 1935 969 1994 seutentiam
999 1938 1072 1996 satis
1102 1939 1270 2016 explicasse.

202 2017 350 2074 Praeterea
371 2035 430 2073 non
451 2015 560 2086 dubito,
583 2015 653 2091 quin
671 2015 866 2091 unusquisque
879 2017 936 2091 jam
952 2017 1058 2089 videat,
1074 2019 1150 2078 hanc
1162 2021 1271 2078 methc-

202 2097 269 2155 dum
300 2097 410 2154 nullum
442 2097 567 2154 Lumen·
583 2099 691 2170 praeter
722 2095 816 2170 ipsum
846 2096 986 2154 Naturale
1018 2098 1143 2173 exigere.
1176 2100 1272 2176 Hujus

203 2176 277 2235 enim
308 2176 425 2235 luminis
455 2181 561 2234 natura
593 2180 623 2233 61
654 2175 748 2234 virtus
780 2176 810 2234 in
841 2177 895 2234 hoc
922 2177 1103 2251 potissimum
1130 2180 1270 2251 consistit,

203 2257 277 2331 quod
309 2276 355 2314 res
387 2255 496 2314 scilieet
526 2257 663 2314 obscuras
694 2276 729 2313 ex
750 2256 836 2325 66116,
858 2262 910 2315 661
929 2263 1068 2333 tanquam
1089 2260 1166 2317 notis
1186 2260 1270 2327 catis,

201 2336 338 2410 legitimis
370 2335 584 2410 consequentiis
612 2336 736 2394 deducat
757 2340 843 2411 atque
864 2339 1032 2409 concludat3
1055 2358 1108 2397 nec
1129 2340 1206 2397 aliud
1226 2347 1272 2398 est

128 2450 131 2457 ,
202 2417 277 2490 quod
309 2417 372 2473 haec
403 2420 503 2473 nostra
534 2416 688 2487 methodus
721 2416 828 2491 exigit:
861 2422 890 2474 et
921 2419 1052 2492 quamvis
1073 2420 1270 2490 concedamus,

202 2496 322 2553 eandem
343 2515 402 2552 non
423 2495 554 2553 sufficere
575 2497 611 2554 ad
633 2495 739 2567 omnia,
761 2517 826 2572 quae
847 2497 878 2555 in
897 2497 999 2556 Bibliis
1013 2505 1177 2570 occurrunt,
1192 2506 1271 2558 certo

201 2575 446 2650 investigandum,
479 2575 507 2632 id
540 2580 638 2634 tamen
659 2597 717 2635 non
738 2597 774 2634 ex
794 2577 884 2653 ipsius
906 2578 1020 2636 defectu
1040 2578 1141 2650 oritur,
1163 2580 1213 2638 sed
1233 2600 1272 2638 ex

202 2675 246 2726 eo,
268 2656 343 2730 quod
364 2655 420 2726 via,
444 2657 529 2730 quain
552 2676 650 2714 veram
671 2661 701 2715 et
715 2662 824 2715 rectam
839 2677 901 2715 esse
916 2658 1007 2729 docet,
1023 2679 1169 2733 nunquam
1184 2660 1272 2719 fuerit

202 2736 288 2808 culta,
310 2755 364 2794 nec
386 2738 422 2793 ab
443 2736 606 2795 hominibus
626 2738 706 2804 trita,
729 2736 857 2812 adeoque
878 2757 1011 2796 successu
1025 2739 1163 2814 temporis
1176 2741 1271 2798 admo·

203 2817 269 2873 dum
301 2817 391 2874 ardua
424 2822 452 2874 et
483 2817 544 2874 fere
567 2817 647 2875 invia
667 2818 746 2875 facta
767 2817 819 2888 sit;
841 2822 874 2875 ut
895 2838 931 2876 ex
952 2817 1022 2893 ipsis
1043 2818 1269 2891 difficultatibus,

202 2915 274 2970 quas
294 2896 389 2968 retuli,
412 2897 569 2955 clarissime
591 2901 725 2956 constare
745 2903 825 2972 puto.

242 2976 380 3052 Superest
408 2977 477 3052 jam,
511 2976 736 3052 discrepantium
766 2998 783 3035 a
811 2976 894 3036 nobis
915 2978 1075 3037 sententias
1094 2979 1269 3039 examinare.

203 3056 274 3125 Quae
305 3057 353 3114 hio
384 3057 507 3131 primurn
536 3057 728 3115 examinanda
748 3057 837 3128 venit,
859 3078 956 3116 eorum
982 3064 1027 3117 est
1047 3060 1199 3131 sententia,
1221 3061 1270 3135 qni

201 3140 342 3206 statuunt,
364 3137 476 3194 Lumen
496 3136 634 3194 Naturale
655 3156 714 3194 666
735 3137 841 3196 habere
862 3138 921 3195 vim
939 3139 975 3197 ad
990 3138 1167 3215 Scripturam
1180 3140 1267 3198 inter·

201 3217 381 3289 pretendum,
397 3217 447 3274 sed
459 3217 495 3273 ad
507 3217 561 3273 hoc
571 3215 696 3274 maxime
708 3216 815 3291 requiri
826 3218 936 3276 Lumen
947 3218 1187 3294 Supernaturale;
1199 3221 1266 3295 quid

202 3300 298 3354 autem
315 3297 370 3353 hoc
384 3296 480 3353 lumen
494 3300 602 3370 praeter
615 3297 749 3353 naturale
764 3296 810 3367 sit,
824 3297 895 3372 ipsis
911 3298 1112 3374 explicandum
1126 3300 1266 3375 relinquo.

201 3376 264 3449 Ego
279 3376 379 3433 saltem
394 3375 467 3434 nihil
480 3375 557 3433 aliud
571 3395 687 3450 possum
702 3376 851 3450 conjicere,
867 3397 952 3451 quam
967 3379 1041 3453 quod
1055 3379 1111 3454 ipsi
1125 3380 1266 3438 obscurio-

201 3455 281 3514 ribus
301 3455 431 3515 termiuis
450 3455 536 3512 etiam
551 3456 707 3513 voluerunt
720 3456 815 3526 fateri,
831 3477 861 3515 se
876 3458 911 3516 de
925 3479 994 3517 vero
1009 3459 1166 3535 Scripturas
1181 3480 1266 3519 seusu

202 3535 407 3611 utplurimum
428 3535 573 3593 dubitare:
596 3535 620 3592 si
642 3535 717 3593 enim
739 3537 774 3593 ad
796 3557 894 3595 eorum
916 3538 1123 3613 explicationes
1144 3541 1266 3598 attendi·

201 3635 273 3684 mus,
305 3635 355 3672 eas
385 3614 457 3672 nihil
487 3616 708 3690 supranaturale
738 3617 894 3687 continere,
926 3618 983 3676 imo
1004 3619 1076 3677 nihil
1096 3620 1152 3678 nisi
1172 3641 1267 3679 meras

202 3694 382 3769 conjecturas
409 3714 471 3752 esse
492 3694 673 3770 reperiemus.
696 3696 897 3769 Conseruntur,
919 3697 943 3756 si
964 3699 1066 3774 placet,
1089 3720 1153 3758 cum
1174 3701 1266 3777 expli-

202 3774 362 3832 sationibus
383 3793 489 3846 eorum,
512 3776 560 3851 qni
580 3776 706 3850 ingenue
726 3778 864 3848 fatentur,
880 3798 911 3836 se
925 3780 1034 3837 nullum
1048 3781 1144 3838 lumen
1158 3786 1266 3856 praeter
