2784 4392
188 292 225 348 52
456 318 458 322 v
632 306 800 344 resonares

182 484 287 547 tentus,
320 477 370 549 qui
400 475 498 531 666666
527 474 669 529 inurendum
689 491 746 529 esse
766 478 905 547 creatum,
927 489 985 528 non
1001 471 1105 545 planes
1124 478 1191 528 3666
1210 473 1260 541 iis,

186 559 236 632 qui
255 557 354 613 docent
371 555 465 611 Deum
480 571 536 610 esse
550 570 737 626 corporeum;
758 570 808 608 nec
823 553 919 609 aditus
933 552 973 608 66
986 569 1031 608 663
1044 551 1258 625 explicandum,

186 639 235 713 qui
255 638 287 693 in
307 636 361 692 liae
382 635 504 691 materia
525 634 558 690 de
578 633 681 689 mundi
702 634 844 689 creatione
864 633 1060 706 reperiuntur,
1076 632 1157 689 nobis
1169 635 1256 690 inter-

186 718 258 774 clusi
287 722 361 783 sunt,
390 732 439 771 nec
460 714 545 770 etiam
564 713 704 786 impediti,
725 713 774 768 366
795 714 872 785 ipsos
892 712 1036 786 explicare
1052 714 1256 785 potuissemus,

184 799 258 853 36666
279 796 398 868 fecimus
418 812 482 850 eum
503 794 719 866 corporeitatem
738 811 758 848 a
778 792 838 849 Deo
859 795 1046 863 removimus,·
1066 798 1091 849 el
1112 794 1187 864 torte
1202 793 1256 850 666

184 876 273 933 multo
304 875 422 949 facilius
451 874 534 946 factu
565 879 640 942 esset,
669 879 694 929 et
722 873 815 947 mapis
840 874 982 929 commode
997 874 1190 946 potuissemus
1209 891 1256 930 eos

184 956 328 1030 explicare
359 946 394 1011 et'
410 954 513 1011 mundi
539 955 725 1010 aternitatem
745 954 945 1022 statuminum,
968 971 1056 1027 quom
1077 971 1143 1009 666
1163 954 1256 1027 eupli-

185 1038 296 1093 euimus
316 1035 495 1108 Scripturas,
516 1040 548 1090 ut
567 1051 780 1101 removeremus,
802 1032 897 1089 Deum
919 1033 1091 1089 benedictum
1112 1051 1168 1090 esse
1188 1052 1252 1090 666-

179 1134 311 1190 poreum.
344 1116 384 1171 At
414 1120 445 1170 ut
475 1114 526 1170 666
553 1131 610 1170 666
636 1114 769 1186 facerem,
792 1119 817 1169 et
839 1132 873 1169 ne
893 1113 945 1170 666
966 1114 1082 1169 credam
1103 1112 1254 1185 (mundum

183 1194 292 1253 scilicet
323 1213 385 1252 6336
417 1194 578 1265 aeternum),
611 1193 676 1250 duee
708 1211 803 1249 causae
830 1211 873 1248 me
893 1199 1011 1251 mouent.
1032 1193 1057 1250 Ι.
1080 1195 1148 1267 qreia
1170 1194 1254 1251 clara

183 1277 419 1334 demonstratione
440 1280 556 1341 constat,
577 1273 671 1330 Deum
691 1290 749 1331 non
769 1291 825 1330 6336
845 1290 1022 1347 corpoream,
1045 1279 1070 1330 et
1083 1268 1188 1330 neeesse
1201 1281 1248 1344 636,

183 1359 281 1414 omnia
301 1356 351 1412 illa
372 1355 434 1412 loca
455 1354 607 1427 explicare,
630 1371 753 1427 quorum
773 1352 894 1409 literalis
906 1371 1006 1410 sensus
1019 1354 1255 1411 demonstrationi

182 1442 341 1510 repupnat,·
371 1454 441 1491 nam
470 1441 578 1491 certum
609 1440 658 1507 est,
690 1451 724 1489 ea
755 1435 912 1490 necessario
944 1439 1006 1490 tum
1036 1434 1253 1507 explicationem

183 1515 280 1587 (aliam
297 1518 405 1589 praeter
418 1514 571 1584 literalem)
586 1513 695 1570 666666.
712 1513 752 1569 At
765 1515 870 1570 666666
883 1515 1028 1571 (eternitas
1041 1516 1123 1571 66666
1137 1515 1252 1571 demon·

182 1597 319 1653 strattone
332 1595 489 1653 ostenditur
494 1617 506 1668 ,
527 1595 651 1668 adeoque
664 1611 723 1649 non
736 1600 775 1650 636
790 1611 896 1650 neeesse
910 1595 1073 1667 Scripturis
1086 1597 1143 1651 666
1156 1596 1255 1668 facere

183 1695 283 1751 easque
313 1675 456 1749 explicare
485 1681 606 1748 propter
625 1679 812 1747 apparentem
833 1675 1002 1747 opinionem,
1025 1675 1065 1731 acl
1085 1677 1169 1749 cnei-us
1189 1692 1251 1732 con·

183 1758 310 1814 tranium
340 1756 489 1827 inclinare,
522 1755 622 1829 aliqua
649 1754 784 1810 suadente
803 1756 923 1823 ratione,
940 1773 1096 1828 possemus.
1112 1755 1252 1811 Secunda

183 1855 280 1905 66636,
313 1837 382 1910 quia
414 1835 534 1903 eredere,
566 1835 659 1891 Deum
679 1852 736 1890 6336
756 1835 966 1908 incorporeum,
988 1835 1254 1906 fundamentalibus

183 1917 267 1991 Lepis
286 1934 344 1973 nou
365 1921 514 1990 repupnat,
537 1920 595 1983 666,
610 1915 658 1970 366
672 1915 776 1970 mundi
789 1916 975 1970 (eternitatem
989 1915 1109 1984 credere,
1124 1934 1154 1973 eo
1169 1916 1253 1972 modo

182 2015 238 2071 quo
269 1997 416 2053 Aristoteli
446 1997 537 2052 uisum
568 1995 634 2066 fuit,
667 1994 772 2066 Lepem
799 2011 891 2051 6366
912 1994 1100 2067 fundamento
1122 1996 1253 2064 destruit,

181 2083 231 2133 ete.
263 2076 335 2133 Haec
366 2079 434 2132 sunt
464 2075 554 2131 verba
578 2072 776 2142 Maimonidae;
806 2092 843 2130 ex
864 2072 969 2147 quibus
989 2073 1140 2132 evidenter
1160 2074 1254 2149 sequi·

181 2159 229 2214 tur
249 2155 287 2226 id,
309 2154 489 2230 quodmodo
511 2152 650 2223 diximus;
673 2152 698 2210 si
719 2151 794 2210 enim
815 2152 872 2227 ipsi
893 2158 1041 2211 constaret
1061 2173 1100 2211 ex
1117 2154 1252 2223 Ratione,

181 2236 318 2293 mundum
349 2254 412 2292 esse
444 2238 594 2302 aeternum,
616 2252 674 2290 non
696 2231 842 2290 dubitaret
864 2232 1044 2309 Scriptorum
1065 2239 1201 2309 torquere
1222 2239 1254 2292 et

181 2315 334 2390 explicare,
365 2319 398 2371 ut
428 2313 546 2371 tandem
577 2314 631 2370 hoc
661 2312 737 2370 idem
769 2313 863 2388 ipsum
885 2313 987 2371 docere
1011 2313 1252 2372 vide1·etnr.Imo

181 2394 280 2453 statim
319 2399 416 2452 certus
454 2397 538 2462 63366,
579 2391 766 2467 Scripturam‚
803 2413 977 2468 quamquam
1012 2393 1116 2469 ubique
1151 2400 1254 2469 aperte

182 2474 395 2542 reclamantem,
426 2473 502 2532 hanc
533 2476 630 2530 tamen
651 2473 749 2530 mundi
772 2473 966 2531 aeternitatem
988 2473 1090 2532 docere
1110 2474 1252 2544 volnisse;

183 2555 310 2629 adeoque
332 2555 367 2612 de
386 2573 457 2611 vero
478 2572 565 2610 sensu
585 2552 752 2628 Scriptura,
775 2553 963 2629 quantumvis
984 2554 1071 2624 clare,
1093 2574 1154 2612 non
1172 2559 1252 2630 pote·

180 2634 219 2691 rit
251 2654 313 2692 esse
344 2638 448 2703 certus,
481 2632 616 2708 quamdin
642 2634 677 2691 de
698 2633 740 2691 rei
761 2633 886 2691 veritate
908 2633 1041 2692 dubitare
1061 2634 1177 2710 poterit,
1199 2640 1253 2692 aut

181 2714 317 2790 quamdiu
347 2714 382 2772 de
413 2714 512 2772 eadem
543 2713 598 2788 ipsi
629 2733 688 2771 non
720 2718 841 2772 constet.
874 2713 948 2772 Nam
981 2714 1117 2789 quamdiu
1146 2716 1181 2773 de
1208 2715 1249 2772 rei

179 2793 303 2853 veritate
334 2815 393 2852 non
423 2798 545 2864 constat,
577 2793 688 2851 tamdiu
719 2792 872 2864 nescimuS,
904 2814 943 2851 an
971 2813 1018 2851 res
1039 2814 1104 2852 cum
1127 2793 1253 2852 Ratione

180 2874 343 2945 conveniat,
366 2895 404 2933 an
424 2894 493 2933 vero
514 2874 606 2932 eidem
627 2878 784 2950 repugnet;
807 2878 837 2931 et
852 2877 1063 2949 consequenter
1077 2873 1164 2933 etiam
1178 2879 1249 2932 tam·

181 2956 229 3013 diu
250 2955 401 3026 nescimus
423 2975 461 3013 an
480 2954 602 3013 literalis
622 2973 724 3012 sensus
745 2973 833 3012 verns
854 2953 952 3019 sitan
973 2955 1072 3014 falsus,
1097 2955 1168 3024 Quae
1191 2955 1249 3030 qui·

180 3037 244 3093 dem
264 3035 409 3094 sententia
422 3036 447 3094 si
460 3055 531 3093 vera
545 3038 629 3105 esset,
646 3035 777 3092 absolute
791 3035 986 3106 concederem,
1003 3055 1056 3093 nos
1072 3035 1127 3093 alio
1141 3039 1252 3110 praeter

181 3116 292 3173 Lumen
322 3115 615 3189 Naturaleindigere
637 3114 673 3172 ad
695 3113 874 3189 Scripturam
894 3115 1153 3190 interpretandam.
1176 3115 1249 3173 Nam

180 3196 241 3253 lere
272 3196 375 3269 omnia,
408 3214 472 3270 quae
503 3194 533 3251 in
565 3193 684 3268 Scriptis
705 3193 898 3268 reperiuntur,
921 3195 1024 3253 deduci
1044 3200 1192 3270 nequeunt
1212 3215 1249 3252 ex

178 3275 326 3351 principiis
353 3274 474 3333 Lumine
494 3273 626 3332 Naturali
647 3273 725 3331 notis
745 3276 790 3346 (ut
803 3274 868 3349 xjam
890 3275 1097 3347 ostendimus),
1119 3277 1248 3350 adeoque

178 3356 214 3413 de
234 3375 333 3414 eorum
353 3354 477 3413 veritate
498 3374 534 3411 ex
555 3353 585 3411 vi
605 3352 735 3411 Luminis
756 3353 904 3412 Naturalis
925 3355 998 3412 nihil
1016 3355 1099 3414 nobis
1113 3360 1248 3414 constare

101 3428 104 3437 ’
177 3440 281 3510 potest,
314 3440 343 3493 et
374 3438 582 3508 consequenter
612 3453 704 3508 neque
736 3432 822 3492 etiam
843 3435 879 3493 de
900 3454 971 3494 vero
992 3455 1080 3493 sensu
1100 3440 1130 3493 et
1150 3439 1249 3493 mente

180 3515 345 3590 Scripturas,
381 3515 430 3572 sed
465 3514 501 3571 ad
535 3514 591 3571 hoc
621 3513 677 3571 alio
695 3515 870 3586 ⁴necessario
902 3515 1011 3573 lumine
1044 3516 1249 3590 indigeremus

179 3595 297 3663 Deinde,
329 3594 353 3652 si
384 3594 449 3652 haec
469 3593 615 3652 sententia
634 3599 810 3666 vernasset,
833 3600 1013 3670 sequeretur,
1036 3597 1110 3670 quod
1132 3596 1248 3670 vulgus,

179 3674 229 3748 qui
250 3674 454 3749 utplurimum
477 3672 735 3733 demonstrationes
755 3675 881 3749 ignorat,
904 3676 950 3733 vel
970 3675 1005 3733 iis
1020 3696 1125 3734 vacare
1139 3677 1249 3751 nequit,

178 3756 214 3812 de
237 3753 387 3829 Scriptura
407 3753 477 3811 nihil
498 3753 554 3812 nisi
576 3774 613 3812 ex
634 3755 694 3813 sola
716 3755 894 3814 authoritate
915 3764 945 3813 66
966 3756 1139 3815 testimoniis
1159 3756 1250 3833 philo·
