2784 4392
475 417 793 456 sanctourm-romum
816 418 880 458 cnr.
902 419 943 458 rv.
1227 400 1243 456 7

173 585 371 645 fundamentis
399 585 426 644 ei
460 585 597 645 revelatis
616 585 780 661 percepisse
800 587 924 658 modum,
946 606 1003 662 quo
1023 587 1147 663 populus
1167 587 1242 646 Isra-

174 666 287 726 eliticus
315 666 346 724 in
367 670 447 724 certa
467 666 567 724 mundi
587 667 675 741 plaga
694 666 802 741 optime
822 666 899 724 uniri
919 671 1025 741 posset,
1048 672 1078 725 et
1096 667 1242 742 integram

173 747 348 805 societatem
362 747 488 805 formare
508 746 570 805 sive
590 746 742 821 imperium
756 747 884 821 erigere;
896 747 999 805 deinde
1013 747 1100 805 etiam
1113 749 1240 819 modum,

175 847 232 903 quo
262 827 310 884 ille
340 827 463 903 populus
494 826 601 901 optime
621 831 720 902 posset
741 826 806 902 cogi
826 828 862 885 ad
884 827 1091 899 obediendum;
1112 830 1161 886 scd
1183 848 1242 886 non

174 906 345 982 percepisse,
368 926 420 965 nec
440 906 496 982 ipsi
509 907 673 965 revelatum
686 907 783 979 fuisse,
796 908 911 965 modum
924 907 1004 965 illum
1018 907 1156 982 optimum
1171 928 1244 987 esse,

174 1006 269 1062 neque
289 987 386 1058 etiam,
408 987 483 1062 quod
506 1007 542 1045 ex
563 987 661 1062 populi
682 987 826 1045 communi
847 986 1011 1045 obedientia
1031 988 1062 1045 in
1082 988 1134 1045 tali
1144 987 1243 1046 mundi

174 1068 263 1142 plaga
284 1067 446 1125 necessario
468 1071 637 1142 sequeretur
657 1087 770 1143 scopus,
793 1069 829 1125 ad
851 1087 935 1141 quem
956 1067 1149 1126 collimabant.
1168 1068 1242 1137 Qua·

174 1151 294 1222 propter
322 1149 384 1205 haeo
404 1147 500 1205 omnia
521 1166 579 1204 non
601 1151 634 1204 ut
654 1152 780 1205 aeternas
800 1148 949 1218 veritates
971 1148 1022 1205 sed
1042 1151 1076 1205 ut
1095 1153 1243 1222 praecepta

176 1230 205 1285 et
225 1227 361 1285 instituta
381 1226 518 1301 percepit,
541 1231 570 1284 et
590 1230 729 1302 tanquam
752 1226 807 1285 Dei
826 1228 906 1301 leges
926 1227 1121 1302 praescripsit;
1137 1232 1167 1285 et
1177 1227 1243 1285 hinc

175 1307 284 1364 factum
316 1311 369 1377 est,
391 1310 424 1364 ut
443 1308 537 1364 Deum
557 1311 707 1377 rectorem,
729 1307 935 1381 legislatorem,
957 1326 1065 1381 regem,
1086 1307 1243 1365 misericor-

176 1386 249 1455 dem,
278 1387 399 1460 justum,
432 1391 486 1446 etc.
508 1386 730 1460 imaginaretur,
752 1407 817 1445 cum
838 1391 935 1444 tamen
956 1389 1020 1445 haec
1041 1386 1136 1445 omnia
1157 1387 1244 1445 solius

175 1467 310 1524 humanae
342 1470 455 1525 naturae
486 1465 545 1524 sint
576 1466 727 1537 attributa,
759 1471 789 1524 ct
820 1486 838 1524 a
869 1472 975 1524 natura
1005 1465 1104 1524 divina
1126 1486 1245 1541 prorsus

176 1547 360 1605 removenda.
392 1547 489 1621 Atque
521 1547 576 1603 hoc
605 1546 724 1621 inquam
756 1548 791 1604 de
821 1547 890 1605 solis
910 1546 1064 1621 Prophetis
1085 1546 1244 1617 dicendum,

177 1626 228 1702 qui
258 1626 374 1684 nomine
405 1626 460 1684 Dei
490 1627 570 1701 leges
590 1626 777 1702 scripserunt,
800 1647 857 1684 non
879 1632 976 1684 autem
997 1628 1032 1685 de
1054 1626 1187 1698 Christo,
1210 1627 1245 1684 de

177 1705 294 1766 Christo
325 1706 409 1775 enim,
442 1705 574 1781 quamvis
605 1706 630 1764 is
661 1706 748 1765 etiam
780 1706 914 1765 videatur
944 1707 1024 1781 leges
1056 1706 1110 1764 Dei
1131 1705 1245 1764 nomine

111 1785 116 1792 ’
177 1786 337 1861 scripsisse,
366 1786 549 1859 vsentiendum
581 1792 679 1844 tamen
711 1792 764 1857 est,
796 1806 861 1844 eum
888 1807 936 1845 res
956 1807 1025 1845 vere
1045 1791 1075 1843 et
1094 1787 1245 1860 adaequate

177 1866 359 1942 percepisse:
380 1886 447 1924 nam
469 1866 602 1925 Christus
622 1887 681 1924 non
702 1871 761 1924 tam
782 1867 930 1941 Propheta
951 1887 1037 1942 quam
1059 1886 1091 1924 os
1111 1867 1166 1924 Dei
1179 1866 1245 1925 fuit.

176 1947 256 2004 Deus
287 1946 364 2004 enim
394 1967 446 2022 per
477 1950 603 2004 mentem
634 1946 742 2004 Christi
773 1952 817 2016 lut
847 1947 878 2005 in
903 1947 972 2022 Gap.
996 1949 1023 2004 1.
1045 1946 1244 2020 ostendimus),

177 2025 263 2085 sicuti
294 2031 362 2084 ante
392 2046 445 2101 per
472 2027 611 2100 Angelos,
634 2046 737 2102 nempe
757 2047 810 2102 per
830 2047 930 2084 vocem
951 2031 1087 2097 creatam,
1109 2026 1243 2098 visiones,

177 2111 232 2165 ete.
265 2108 398 2182 quaedam
429 2108 556 2165 humano
589 2107 689 2181 generi
720 2106 870 2165 revelavit.
903 2107 1086 2181 Quapropter
1116 2126 1197 2180 aeque
1228 2127 1246 2164 a

176 2186 301 2245 Ratione
322 2187 446 2244 alienum
468 2191 544 2244 esset
564 2191 702 2258 statuere,
724 2188 816 2245 Deum
837 2206 905 2244 suas
925 2186 1118 2245 revelationes
1138 2186 1245 2262 opinio·

177 2267 263 2325 nibus
283 2266 391 2326 Christi
412 2267 683 2338 accommodavisse,
705 2287 739 2325 ac
760 2268 835 2342 quod
856 2268 935 2325 Deus
949 2272 1037 2324 antea
1050 2287 1119 2325 suas
1131 2268 1244 2326 revela·

176 2347 271 2405 tiones
292 2347 474 2422 opinionibus
495 2348 672 2422 angelorum,
695 2348 751 2405 hoc
771 2351 816 2405 est
835 2346 915 2404 vocis
929 2351 1034 2405 creatae
1048 2351 1078 2405 et
1091 2346 1243 2418 visionum,

177 2427 446 2497 accommodaverit,
478 2433 511 2486 ut
541 2448 588 2486 res
618 2428 791 2486 revelandas
821 2426 975 2503 Prophetis
1001 2427 1242 2499 communicaret;

177 2526 233 2581 quo
265 2506 379 2582 quidem
405 2507 478 2565 nihil
498 2508 652 2567 absurdius
672 2507 763 2565 statui
782 2512 896 2582 posset3
917 2507 1080 2582 praesertim
1101 2528 1165 2565 oum
1185 2528 1244 2566 non

177 2587 215 2645 ad
236 2588 312 2645 solos
333 2588 460 2657 Judaeos,
482 2588 532 2646 sed
553 2593 646 2646 totum
667 2588 826 2646 humanum
848 2607 940 2662 genus
960 2588 1119 2645 docendum
1139 2587 1244 2646 missus

176 2666 274 2736 fuerit,
295 2667 424 2743 adeoque
445 2688 503 2726 non
525 2667 597 2726 satis
611 2673 682 2739 erat,
698 2672 732 2726 ut
744 2672 870 2726 mentem
882 2667 1065 2743 opinionibus
1076 2669 1094 2725 J
1097 2668 1246 2727 udaeorum

177 2751 292 2805 tantum
320 2749 563 2806 accommodatam
590 2749 720 2818 haberet,
742 2749 791 2806 sed
813 2747 996 2823 opinionibus
1017 2753 1047 2806 et
1068 2746 1246 2806 documentis

176 2828 303 2885 humano
336 2826 436 2902 generi
466 2827 686 2899 universalibus,
715 2828 771 2886 hoc
798 2833 843 2886 est
863 2829 1029 2887 notionibus
1050 2828 1246 2887 communibus

177 2912 208 2965 et
230 2906 315 2965 veris.
347 2908 385 2965 Et
406 2927 476 2965 sane
497 2927 533 2965 ex
554 2909 617 2977 hoc,
640 2909 715 2982 quod
736 2909 815 2966 Deus
835 2907 958 2980 Christo,
981 2908 1042 2966 sive
1063 2909 1125 2982 ejus
1145 2909 1244 2977 menti,

177 3004 241 3044 sese
271 2986 435 3045 immediate
459 2987 642 3057 revelaverit,
665 2993 694 3046 et
715 3009 773 3046 non
794 2993 827 3046 ut
847 2988 1011 3063 Prophetis,
1033 3008 1085 3063 per
1106 2991 1196 3046 verba
1218 2992 1248 3046 et

176 3066 329 3141 imagines,
351 3067 423 3125 nihil
444 3066 521 3125 aliud
542 3067 706 3141 intelligere
726 3088 888 3142 possumus,
910 3088 998 3145 quam
1018 3069 1093 3143 quod
1115 3068 1247 3127 Christus

177 3166 226 3204 res
246 3147 392 3205 revelatas
412 3166 480 3205 vere
501 3147 630 3223 percepit
651 3147 714 3205 sive
735 3147 892 3218 intellexit;
914 3153 976 3206 tum
997 3148 1073 3206 enim
1087 3148 1247 3206 resintelli·

179 3226 268 3301 gitur,
290 3246 354 3284 cum
374 3226 438 3302 ipsa
459 3236 535 3302 pura
555 3232 652 3286 mente
673 3232 758 3286 extra
779 3230 868 3286 verba
882 3231 912 3286 et
925 3228 1067 3303 imagines
1080 3228 1246 3303 percipitur.

177 3305 311 3364 Christus
341 3307 441 3383 itaque
472 3327 519 3365 res
550 3309 695 3366 revelatas
727 3328 796 3366 vere
827 3313 857 3367 et
883 3310 1034 3383 adaequate
1054 3309 1201 3384 percepit,
1223 3308 1248 3366 si

176 3385 269 3460 igitur
312 3406 362 3445 eas
396 3391 535 3461 tanquam
568 3388 649 3463 leges
683 3408 809 3463 unquam
842 3389 1031 3464 praescripsit,
1065 3389 1094 3446 id
1128 3390 1248 3463 propter

151 3516 153 3521 .
177 3465 278 3541 populi
298 3465 495 3541 ignorantiam
516 3473 546 3526 et
566 3468 756 3544 pertinaciam
776 3468 864 3540 fecit3
886 3489 975 3543 quare
995 3469 1050 3526 hac
1071 3468 1100 3526 in
1112 3488 1143 3530 re
1155 3468 1246 3525 vicem

177 3545 233 3604 Dei
266 3546 364 3620 gessit,
398 3548 474 3623 quod
506 3567 568 3605 sese
599 3547 717 3622 ingenio
748 3549 847 3623 populi
867 3548 1102 3619 accommodavit,
1124 3552 1154 3606 et
1173 3547 1246 3618 ideo,

178 3626 312 3701 quamvis
327 3626 553 3702 'aliquantulum
585 3628 690 3686 clarius
722 3642 818 3702 quam
837 3628 934 3687 caeteri
961 3629 1114 3703 Prophetae
1134 3629 1248 3686 locutus

178 3706 225 3776 sit,
248 3709 369 3766 obscure
389 3713 485 3777 tamen
508 3713 537 3766 et
557 3708 664 3783 saepius
684 3727 737 3782 per
750 3709 904 3783 parabolas
917 3728 964 3766 res
980 3709 1125 3766 revelatas
1137 3707 1247 3780 docuit,

176 3787 338 3861 praesertim
371 3789 486 3863 quando
517 3788 553 3845 iis
577 3790 759 3864 loquebatur,
782 3789 886 3863 quibus
907 3788 1034 3846 nondum
1055 3789 1152 3846 datum
1175 3792 1247 3858 erat,

177 3866 341 3941 intelligere
362 3887 484 3942 regnum
506 3869 641 3926 coelorum
665 3868 741 3938 (vide
762 3869 869 3927 Matth.
892 3887 954 3943 cap.
978 3869 1024 3926 13.
1048 3869 1246 3941 vs.10.etc.).
